2812 4770
212 337 279 407 340.
634 336 711 401 utri
732 336 822 402 LlVlI
876 388 879 392 .
904 342 906 347 ’

212 490 360 556 uoluntate
387 511 500 566 eorum,
521 491 574 574 qui
605 491 723 556 libentes
750 491 866 568 darent,
892 510 984 574 quam
1003 474 1044 553 re'
1059 490 1250 555 moiue'cen·

160 586 177 640 9
209 582 358 668 plebsque,
381 583 556 667 cennerent.
598 581 723 662 Legatis
740 581 858 662 gratioe
883 586 971 642 actae
994 597 1051 660 pro
1070 579 1256 643 munificen-

174 744 179 756 Ι
212 674 254 753 tiu
278 690 437 753 curaque3
456 680 574 755 potere,
599 688 679 749 quae
708 668 854 751 ponderis
879 668 994 730 minimi
1018 667 1085 749 luit,
1110 676 1253 750 accepto.

160 794 174 847 1
299 779 433 843 ΧΧΧΙΙΙ.
481 779 541 842 Per
569 778 696 843 eosdem
722 775 787 838 dies
816 775 993 857 speculator
1018 775 1255 858 Carthaginien·

212 868 264 946 sis,
289 871 341 948 qui
365 885 421 948 per
443 867 603 932 biennium
627 864 795 946 fefellerat,
819 865 936 928 Romne
960 863 1133 945 deprensus
1157 883 1253 946 prae-

158 963 176 1019 2
212 957 347 1037 cisisque
376 956 515 1019 manibus
549 958 712 1036 dimissus3
759 961 791 1016 et
813 955 898 1016 servi
923 954 1059 1034 quinque
1085 961 1116 1015 et
1137 955 1251 1036 viginti

210 1045 243 1107 in
266 1064 392 1108 crucem
416 1047 487 1127 uoti,
512 1047 596 1127 quod
618 1047 650 1108 in
674 1061 781 1124 campo
795 1042 905 1105 Martio
926 1043 1151 1105 coniurassent.
1198 1043 1250 1105 ln-

159 1143 176 1198 3
213 1133 274 1196 dici
297 1133 366 1196 dato
389 1134 517 1197 libertos
542 1143 574 1198 et
592 1135 674 1198 aeris
698 1133 801 1214 gravis
824 1131 1050 1213 viginti'milin.
1084 1131 1193 1213 Legati
1218 1137 1253 1194 et

212 1222 251 1285 cd
269 1223 438 1304 Philippum
462 1223 667 1287 Macedonum
690 1239 798 1303 regem
830 1221 915 1282 missi
947 1219 985 1282 od
1015 1219 1250 1301 deposcendum

159 1319 178 1376 4
212 1311 404 1374 Demetrium
434 1312 586 1395 Pharium,
617 1313 670 1394 qui
701 1310 785 1372 bello
804 1310 917 1372 -victus
946 1308 986 1371 ud
1009 1326 1080 1370 eum
1104 1308 1250 1391 fugisset,

213 1408 245 1462 et
264 1401 315 1462 alii
334 1402 365 1462 in
382 1402 514 1484 Ligures
533 1402 572 1463 nd
594 1399 861 1482 expostulandum,
879 1397 962 1479 quod
979 1397 1115 1460 Poenum
1139 1397 1253 1479 opibus

211 1489 397 1570 auxiliisque
421 1491 486 1552 suis
511 1492 676 1571 iuvissent,
701 1488 791 1550 simul
815 1487 854 1548 nd
875 1485 1037 1550 visendum
1062 1505 1103 1548 ex
1126 1488 1252 1568 propin-

157 1583 175 1637 5
211 1595 283 1657 quo,
303 1595 383 1658 quae
407 1579 438 1640 in
456 1579 539 1641 Boiis
558 1588 652 1659 atque
676 1576 854 1642 Insubribus
885 1583 1082 1658 gererentur.
1128 1574 1179 1638 Ad
1200 1575 1252 1638 Pi-

211 1684 305 1727 neum
324 1684 449 1747 quoque
467 1686 576 1750 regem
596 1669 629 1728 in
643 1666 765 1748 Illyrios
780 1665 877 1749 legati
891 1665 976 1726 missi
992 1664 1032 1727 ed
1047 1663 1248 1747 stipendium,

211 1892 284 1928 zwar
302 1877 330 1927 in
350 1875 396 1928 der
415 1892 469 1929 von
488 1878 574 1929 einem
593 1875 768 1929 historischen
788 1875 900 1944 Tempus
919 1875 1085 1944 abhdngigen
1104 1873 1175 1928 Orat.
1195 1874 1250 1929 obl.
1281 1888 1289 1897 ·

209 1946 254 1998 bei
272 1946 326 1999 Lis.
344 1946 417 1999 nicht
434 1949 529 2015 selten,
557 1947 624 2003 doch
648 1947 721 2000 nicht
744 1948 798 2000 wie
816 1945 874 1998 hier
899 1948 926 1998 in
951 1949 1020 2000 zwei
1038 1946 1142 1999 sowohl
1162 1962 1250 2015 grum-

210 2018 319 2069 mutiseh
346 2019 385 2071 als
414 2019 473 2071 dem
498 2019 579 2074 Sinne
603 2019 671 2071 nach
698 2034 728 2072 so
755 2033 807 2087 eng
831 2017 1020 2070 verbundeneu
1046 2012 1150 2072 Siteon·
1187 2017 1249 2087 Vgl.

209 2088 304 2141 Weiss.
324 2092 347 2153 §-
365 2089 426 2144 479.
445 2091 489 2158 A.;
508 2091 610 2160 lirdgcr
628 2093 652 2154 ς.
672 2088 732 2145 657.
751 2089 782 2141 Α.
801 2089 826 2143 2.
862 2088 916 2140 Der
935 2088 1097 2156 Konjunktiv
1122 2089 1168 2142 des
1187 2088 1251 2141 Per-

215 2160 284 2212 lehts
304 2159 372 2226 [hier
391 2162 442 2213 den
459 2161 621 2228 Konjunktir
638 2161 697 2213 Fun
716 2163 800 2212 exacti
818 2159 983 2226 ventretend]
1003 2160 1103 2214 schciut
1120 2161 1184 2212 uber
1202 2173 1250 2228 ge·

209 2230 293 2283 wdhlt
311 2247 344 2283 zu
362 2234 428 2299 sein,
447 2250 491 2285 um
511 2234 553 2285 die
579 2235 675 2286 zweite
693 2232 852 2299 Bedingung
877 2232 915 2284 als
941 2233 1010 2299 eine,
1037 2248 1081 2284 um
1100 2231 1181 2284 deren
1200 2231 1250 2282 Er·

210 2301 316 2369 fullung
335 2319 362 2355 es
375 2303 430 2356 sich
440 2304 562 2372 sogleich
577 2304 711 2372 hundelte,
730 2304 776 2355 der
786 2302 972 2355 Wirhlichheit
987 2303 1070 2356 nither
1084 2303 1249 2372 zahringen.

212 2372 283 2442 [vgl.
302 2373 371 2442 xxi,
389 2375 433 2444 30,
452 2376 507 2443 11.]
526 2362 624 2433 lm
644 2375 734 2420 aar.
753 2371 832 2437 nne
840 2378 901 2421 ..τι
913 2388 928 2445 ,3
941 2379 1029 2421 mn·
1045 2387 1089 2418 ε.ν
1105 2381 1180 2437 ,nnn
1197 2359 1269 2431 sci<
1355 2425 1361 2438 ,

611 2572 614 2575 ¹
643 2499 761 2553 xxmu.

156 2604 174 2660 1
280 2607 482 2676 fefellerat)
519 2608 544 2662 S.
563 2623 596 2660 zu
614 2608 683 2676 xxi,
701 2607 744 2675 48,
764 2607 789 2661 5.

155 2693 177 2748 2
281 2700 373 2749 neris
391 2697 527 2766 praeis)
563 2697 650 2750 Ueber
673 2698 717 2749 die
735 2695 914 2765 Weglussung
937 2711 989 2748 von
1014 2713 1083 2748 asses
1102 2713 1121 2750 s.
1142 2694 1248 2750 Ramsh.

209 2783 235 2834 p.
255 2766 320 2833 5153
349 2768 417 2819 oben
436 2784 468 2819 nu
488 2768 516 2819 u.
538 2769 580 2834 10,
600 2768 624 2822 7.
664 2769 748 2834 [„Snb
772 2769 834 2820 lenaeo
852 2777 965 2836 tempora
984 2770 1084 2821 assibus
1101 2769 1246 2822 uncialibus

209 2840 289 2902 factis
306 2847 405 2888 mittete
422 2848 459 2889 est
476 2842 545 2895 neris
560 2841 595 2890 ad
612 2849 747 2908 arpentum
764 2844 847 2902 ratio,·
864 2843 902 2891 ita
919 2849 948 2890 ut
966 2857 1017 2890 non
1034 2843 1088 2890 inm
1105 2841 1162 2891 bini
1179 2857 1249 2892 usses

210 2925 268 2960 enm
285 2912 384 2958 semisse
402 2913 430 2959 e'n
447 2913 601 2971 sestertium,
620 2911 680 2962 eleni
697 2914 727 2961 in
745 2912 887 2973 denarium,
909 2912 953 2961 sed
969 2914 1089 2978 quaterni
1105 2915 1133 2962 in
1151 2921 1248 2963 sester-

210 2982 282 3041 tium,
300 2979 417 3030 senideni
432 2980 461 3030 in
474 2980 611 3031 denarium
629 2983 860 3033 contribuerantur.
897 2981 964 3032 Hine
981 2981 1053 3032 nobis
1072 2997 1126 3032 nes
1144 2999 1249 3050 prcus

208 3050 299 3101 baberi
320 3053 416 3118 incipit,
444 3068 493 3101 non
515 3069 631 3103 nummus
654 3061 698 3104 aut
724 3054 824 3121 pondus
847 3052 969 3121 quoddam
996 3069 1085 3104 rerum
1109 3056 1178 3103 ceris
1203 3045 1250 3104 seul

168 3117 176 3166 1'
207 3138 306 3173 meram
332 3139 428 3184 nomen,
456 3122 491 3172 nd
506 3124 683 3190 usurpandum
709 3127 841 3176 vetustatis
867 3126 1002 3193 imaginem
1028 3131 1154 3174 reteninm
1177 3123 1245 3192 [vgl.

207 3189 324 3244 Niebuhr
343 3193 372 3244 R.
392 3191 421 3244 G.
441 3191 460 3243 l.
479 3209 504 3260 p.
523 3192 597 3259 4871,
624 3212 682 3247 cum
704 3196 790 3247 endem
815 3195 850 3246 ael
873 3204 1007 3264 arpentum
1034 3197 1143 3258 ratione,
1171 3202 1249 3264 pisum

207 3264 267 3316 olim
289 3266 433 3318 habuerunt
457 3280 526 3314 asses
550 3265 668 3329 librales,
693 3269 732 3317 itu
755 3275 783 3317 ut
808 3267 891 3318 decem
920 3270 989 3320 aeris
1012 3268 1102 3336 prauis
1123 3283 1171 3336 pro
1195 3283 1247 3318 reno

206 3335 313 3386 denario
330 3335 460 3386 ambulare
479 3336 683 3404 intellipantur“.
724 3335 853 3405 Cromen]

153 3420 171 3478 3
276 3423 475 3475 Demetrium
502 3423 680 3491 Phariam)
721 3426 842 3492 „Diesen
867 3425 1023 3492 illyrischen
1049 3424 1161 3478 Fursten
1189 3424 1245 3478 und

123 3557 125 3559 ,
205 3489 341 3545 Vormund
366 3494 411 3545 des
435 3493 550 3546 ncchher
574 3505 724 3564 genennten
744 3497 843 3566 Konigs
868 3497 963 3551 Pineus
989 3497 1060 3550 hatte
1080 3498 1126 3550 der
1145 3496 1247 3557 Konsul

205 3564 232 3616 L.
251 3565 378 3616 Aemilius
405 3565 509 3632 Paulus,
538 3567 605 3618 eben
631 3568 687 3634 der,
715 3568 762 3619 der
786 3569 814 3619 in
839 3570 940 3620 seinem
965 3571 1079 3622 nweiten
1100 3567 1244 3620 llonsulnte

205 3634 250 3687 bei
269 3633 359 3687 Canuti
382 3635 462 3703 blieb,
489 3642 524 3688 im
549 3638 571 3690 J.
592 3639 619 3689 lt
644 3638 704 3704 533,
733 3639 792 3690 dem
816 3637 912 3690 letzten
937 3655 988 3691 vor
1011 3640 1070 3690 dem
1089 3637 1244 3691 Ausbruchc

206 3706 252 3758 des
271 3706 547 3775 nweiteupnnischen
567 3710 684 3778 llrIeges,
708 3709 820 3778 besiegt.
862 3709 899 3760 Er
923 3725 980 3761 war
1005 3724 1058 3761 von
1085 3709 1132 3760 der
1160 3709 1245 3777 illyri·

204 3777 285 3900 {leben
304 3776 374 3830 lnsel
392 3779 491 3832 Pharus
511 3781 576 3832 oder
593 3780 687 3832 Pharia
707 3781 755 3846 (im
775 3779 948 3832 adriatischen
967 3779 1068 3845 ulcere)
1089 3779 1242 3848 gebdrtig“.

229 3863 362 3918 eusrnger.

151 3917 169 3975 ὃ
275 3923 310 3971 in
328 3920 492 3989 Illyrios)
529 3921 556 3976 S.
575 3939 608 3975 nu
626 3920 694 3988 xm,
713 3921 757 3987 49,
776 3922 801 3976 3.

276 4009 317 4061 cd
332 4012 532 4077 stipendium
545 4039 577 4050 -
589 4010 809 4079 poscendum)
844 4000 897 4062 uei
912 4010 971 4062 dem
982 4010 1243 4079 Friedensschlusse‚

205 4079 253 4133 der
271 4080 329 4131 dem
354 4077 507 4146 illyrischen
527 4083 622 4149 h‘riegc
644 4081 808 4147 (230-226
828 4098 853 4134 v.
873 4080 947 4148 Chr.)
968 4082 1060 4152 lolgte,
1088 4084 1160 4136 hatte
1185 4083 1242 4137 sich

163 4205 167 4209 ,
204 4151 369 4220 diellbuigin
381 4153 469 4220 Teuta,
489 4153 652 4208 Stielmutter
671 4153 717 4205 des
733 4152 837 4219 Pincus,
857 4161 933 4205 unter
952 4155 1084 4208 Auderem
1103 4154 1241 4223 verpllich·
1308 4155 1316 4161 '

172 4221 175 4229 ’
203 4231 250 4279 ton
268 4231 372 4280 missen
391 4226 469 4279 einen
483 4223 633 4292 jtbrlichen
652 4224 743 4279 Tribut
761 4240 795 4279 nu
813 4225 857 4280 dic
876 4225 973 4280 homer
990 4241 1025 4281 zu
1042 4227 1198 4282 entrichten.
