2812 4770
502 292 869 375 mmmm
1137 297 1203 375 mo

155 475 314 538 Postremo
338 458 432 554 quum
455 460 621 536 Amusicus
649 471 794 553 princeps
823 487 931 534 eorum
959 470 999 533 ad
1020 469 1248 536 Hasdrubali

156 565 217 626 lem
240 564 445 645 profugisset,
477 562 586 644 viginti
616 561 738 642 argenti
761 559 885 623 talentis
915 562 997 641 pacti
1029 560 1193 627 deduntur.

157 654 363 716 Tarraconem
382 652 414 713 in
437 650 567 713 hiberna
590 649 723 713 reditum
748 658 806 712 est.

243 741 331 825 LXII.
369 742 484 803 Romae
509 747 561 802 aut
585 741 668 802 circa
691 737 801 801 urbem
824 738 918 801 multa
938 756 975 801 ea
998 738 1101 803 hieme
1119 757 1192 822 pro·
1226 747 1243 803 1

156 831 239 913 digia
261 830 353 908 facta,
378 836 431 892 aut
453 827 552 909 (quod
576 829 704 890 evenire
728 828 808 890 solet
831 828 922 890 motis
946 828 1044 891 semel
1067 831 1100 892 in
1121 830 1195 893 reli-

156 920 281 1002 gionem
305 920 428 991 animis)
451 917 545 979 multa
579 919 716 979 nuntiata
741 924 772 978 et
800 923 921 979 temere
958 917 1076 980 credita
1108 925 1193 982 sunt:

155 1009 187 1071 in
214 1009 282 1089 quis
316 1009 485 1090 ingenuum
518 1006 666 1068 infantem
696 1012 879 1069 semestrem
908 1007 941 1068 in
971 1006 1040 1071 foro
1070 1008 1193 1070 olitorio
1229 1010 1248 1065 2

156 1097 343 1177 triumphum
376 1097 546 1175 clamasse,
577 1104 609 1158 ct
640 1095 710 1157 soro
740 1094 848 1158 boario
878 1094 989 1157 bovem
1018 1097 1051 1158 in
1072 1098 1195 1160 tertiam
1230 1098 1249 1154 3

157 1187 419 1268 contignationem
442 1202 498 1247 sua
521 1191 631 1264 sponte
656 1183 837 1247 escendisse
855 1191 949 1265 atque
967 1184 1039 1248 inde
1058 1184 1191 1249 tumultu

154 1368 295 1412 terirentur.
323 1359 492 1412 Extrinsecus
501 1368 593 1423 cutem,
611 1377 644 1412 me
655 1362 764 1413 immisso
775 1362 1082 1426 coner-emeturinceodio,
1100 1362 1191 1414 crudis

155 1449 187 1484 cc
202 1432 347 1484 recentibus
364 1433 442 1483 coriis
459 1433 500 1484 cel
515 1432 661 1484 centonibus
669 1436 792 1500 operitur.
820 1434 905 1498 Quum
920 1434 1008 1502 plures
1025 1434 1112 1500 scetere
1128 1434 1192 1499 fus·

155 1505 218 1564 rint,
236 1506 380 1572 torquatus·
397 1505 426 1554 im
444 1503 543 1566 ordine,
561 1503 606 1554 sut
632 1504 724 1572 quitus
746 1505 899 1557 subsidentes
917 1508 968 1557 tuti
989 1505 1024 1557 cd
1049 1505 1196 1558 subruenda

155 1591 287 1626 murorum
299 1582 437 1644 penetrant
453 1574 627 1639 fundamenta.
666 1574 758 1642 Veget.
777 1569 821 1642 IV,
841 1574 883 1629 15.

226 1645 464 1712 tastamentum)
500 1645 593 1697 Dieses
611 1644 688 1697 Wort
705 1647 740 1697 ist
757 1647 920 1714 wenigstens
940 1646 981 1698 fur
1000 1646 1043 1697 dio
1063 1645 1195 1715 guteZeit

157 1716 207 1768 der
224 1715 524 1783 'lateinischensprache
544 1719 586 1768 ein
606 1714 685 1773 ἅπαξ
702 1712 844 1785 εἰρημένον.
883 1716 921 1785 [S.
941 1734 973 1769 zu
981 1717 1075 1781 XXIV,
1094 1718 1136 1785 16,
1154 1717 1193 1785 3.]

227 1787 436 1854 [Amusicus]
463 1787 500 1841 So
518 1787 638 1839 mehrcre
649 1786 741 1855 Codd,
757 1788 883 1842 daruntsr
902 1791 976 1841 einer
995 1789 1042 1841 der
1060 1789 1193 1842 hasseren.
1213 1788 1248 1845 11

155 1857 209 1911 Der
227 1858 297 1911 Put:
316 1858 460 1911 Amissioiis.
497 1859 546 1911 Dio
565 1858 729 1929 schreibuog
748 1861 834 1914 dieses
852 1859 966 1913 Namous
984 1861 1018 1912 ist
1037 1861 1195 1929 desswogcn

154 1930 225 1984 noch
242 1929 304 1983 sehr
321 1929 503 1998 noesseltum]

227 2005 290 2072 riq.
309 2019 374 2072 srq.
394 2003 538 2055 talentis
561 2003 677 2072 pacti)
712 2001 761 2054 Die
779 2002 1018 2067 Altenverstehen
1037 2011 1114 2055 unter
1132 2004 1193 2057 dem

156 2072 272 2140 Talente,
291 2088 372 2127 weun
391 2075 430 2126 sie
449 2072 571 2126 dasselbe
595 2071 667 2125 nicht
690 2088 808 2141 genauer
832 2073 999 2142 bestimmen,
1026 2073 1196 2143 gewthnlicla

155 2144 202 2196 dos
227 2143 337 2196 attisclas
361 2159 394 2196 zu
419 2143 490 2198 2448
514 2144 554 2195 Fl.
579 2144 656 2196 nach¹
673 2159 797 2196 anserem
822 2143 911 2196 Gelde.
949 2145 1120 2197 Hiasichtlich
1148 2146 1195 2198 der

155 2215 344 2266 Konstruktion
371 2214 426 2282 vgl.
446 2215 478 2281 X,
502 2214 536 2268 37
555 2216 591 2267 in.
619 2219 770 2268 vestimentis
787 2217 897 2267 militum
923 2218 1099 2284 frumentoque
1123 2220 1197 2285 pacti

154 2303 212 2337 cum
229 2287 338 2348 consule,
355 2294 386 2337 ut
400 2288 470 2337 mitti
485 2285 592 2338 Romam
610 2295 727 2338 oratores
751 2288 853 2349 liceret5
880 2287 915 2339 ib.
934 2286 969 2340 46
989 2287 1057 2338 med.
1082 2290 1194 2355 pecteris

153 2357 249 2425 qrccdi
262 2366 361 2426 pactos,
389 2365 418 2408 ut
435 2357 508 2408 abire
525 2357 584 2408 situle
601 2357 698 2420 liceret,
721 2359 815 2410 dimisit
820 2375 831 2420 ,·
854 2356 997 2423 XXXVIII,
1022 2355 1057 2410 15
1079 2357 1127 2410 sub
1147 2358 1191 2410 fin.

152 2431 225 2496 poeti
239 2432 350 2496 quinqua
373 2429 422 2479 'estu
439 2427 542 2479 talentis
560 2455 592 2464 -.
608 2444 698 2497 parem
715 2432 934 2498 impetraverunt&
951 2428 986 2481 ib.
997 2428 1092 2497 isin,
1110 2428 1194 2497 XXV,

155 2498 190 2552 33
208 2499 262 2566 in,
280 2496 324 2565 tx,
361 2497 465 2552 3med.

228 2639 364 2707 [Romae
390 2650 448 2693 cut
471 2659 493 2694 c.
519 2641 651 2709 urbem)
685 2646 703 2695 i.
728 2661 749 2696 e.
771 2644 870 2712 purtim
891 2643 986 2696 Romae
1007 2644 1106 2711 purtim
1123 2643 1196 2696 eirca
1231 2642 1248 2698 1

154 2712 249 2764 artem.
287 2711 347 2781 ugr.
367 2712 471 2780 XXXV,
489 2711 506 2767 5
525 2722 590 2766 extr.
618 2714 671 2767 Nec
688 2714 810 2767 Romanis
835 2717 973 2768 incruenta
994 2718 1107 2768 victoria
1129 2717 1196 2787 fossis

155 2799 237 2851 supra
263 2787 372 2852 quinque
397 2785 471 2836 milio
494 2786 611 2848 miiitum,
639 2788 822 2855 mserum-cut
848 2789 980 2849 sociamus,
1008 2795 1069 2839 sunt
1086 2790 1196 2851 amisson

154 2852 296 2920 xxxvttt,
314 2855 350 2909 39
367 2857 403 2908 in.
422 2859 607 2926 quinquaqinta
625 2865 701 2910 tectos
722 2874 801 2912 acces
819 2858 987 2912 cut‘eoacieiit
1004 2866 1050 2911 cut
1067 2859 1195 2922 incendi&

153 2925 246 2991 XXIV,
265 2925 309 2993 16,
326 2926 345 2980 4
362 2929 411 2979 clii
427 2945 511 2979 omnes
527 2931 598 2980 eaesi
614 2938 660 2981 cest
673 2930 765 2999 copti]

226 2995 328 3064 [quod
353 3002 489 3050 evenire
515 3001 600 3052 solet
626 3000 701 3067 etc.)
736 3000 797 3070 Vgl.
818 2998 1060 3069 Tac.Ann.1,28
1086 3009 1116 3055 ut
1133 3009 1193 3054 sont

154 3066 257 3150 mobiles
274 3067 309 3119 ed
326 3072 531 3136 superstitionem
545 3072 680 3140 perculsos
698 3074 776 3126 semel
791 3072 908 3139 mentes]

153 3204 190 3260 10
207 3139 559 3273 ιὲἴίῖζῖξιῖἶῆἰῖιιῖι
578 3140 1194 3282 ’,111111’ἧιῖἰῗιῖι“1ῗῖιιῖᾅῖιῗῖἷῖἰ
1228 3140 1247 3197 2

152 3295 242 3330 masse.
279 3276 319 3329 Da
337 3278 395 3330 trior
412 3281 442 3331 io
460 3283 586 3350 triumphe
602 3281 647 3334 bei
665 3285 784 3337 clamasse
808 3282 887 3350 steht,
914 3299 944 3336 eo
963 3283 1130 3336 vermuthste
1149 3285 1193 3336 oin

152 3346 302 3416 Gelehrter,
330 3351 389 3401 dass
417 3350 484 3403 auch
507 3354 534 3402 in
554 3351 648 3420 abigor
665 3353 750 3406 stalle
768 3370 798 3407 so
818 3371 851 3405 zu
869 3353 1009 3406 schreiben
1027 3356 1076 3421 sei,
1103 3354 1193 3407 indam

153 3421 200 3473 das
218 3418 294 3472 Wort
312 3423 338 3474 io
355 3436 453 3490 weqcn
471 3422 520 3474 der
538 3422 636 3474 letaten
655 3423 754 3490 Sylben
772 3427 799 3478 in
818 3427 917 3478 olitorio
943 3424 1024 3476 leicht
1042 3424 1192 3478 ubersshen

150 3492 207 3544 und
225 3492 295 3544 daun
313 3494 441 3562 triumphe
458 3495 486 3544 in
514 3495 671 3562 triumphum
694 3497 823 3563 gatndart
840 3496 951 3549 werden
970 3495 1080 3548 konnte.
1116 3497 1192 3551 noct

152 3564 237 3616 findet
253 3563 309 3616 sich
328 3564 371 3616 die
390 3563 470 3632 obige
489 3564 677 3618 Konstrukticn
696 3582 749 3621 von
776 3569 888 3621 onam
905 3567 997 3634 citare,
1024 3584 1047 3619 s.
1065 3567 1095 3620 B.
1116 3566 1192 3621 Ovut.

154 3635 211 3686 Am.
230 3634 250 3700 1,
269 3636 295 3702 2,
314 3636 349 3689 25
364 3637 458 3705 populo
475 3637 599 3689 clamante
618 3640 788 3709 triumphum
805 3638 864 3690 Vel.
881 3637 947 3690 Max.
960 3636 988 3705 ,1,
1006 3638 1032 3705 6,
1051 3637 1194 3709 Ιὂριιιιιιιιιι

152 3706 278 3770 infantem
303 3715 446 3759 semestrem
471 3711 513 3760 irs*
529 3710 587 3774 soro
613 3710 708 3762 icario
728 3712 884 3780 trimphum
913 3710 1101 3778 qrsclcmasss3
1135 3713 1190 3764 Liv.

153 3775 276 3844 XXXIV,
300 3777 336 3832 50
363 3787 427 3830 extr.
444 3781 653 3848 prosequentibus
679 3785 777 3834 cuncts's
800 3789 968 3837 amatorem
980 3776 1192 3853 liberatoremque

154 3846 359 3902 minantibus.
398 3849 464 3917 [Cic.
483 3851 549 3903 Phil.
568 3850 835 3921 11,12,283rutsss
854 3880 887 3890 ·-
907 3853 1054 3905 Ciceronem
1070 3857 1192 3906 momina·-

154 3919 723 4065 :ttttmt‘ttttturtttc
741 3924 1190 4065 ,meter
1241 4008 1248 4019 ,

153 4059 215 4129 dem
233 4059 324 4112 Circus
340 4067 467 4117 mactmus
484 4066 538 4117 und
558 4067 605 4118 der
624 4033 734 4120 'siben’
855 4076 858 4081 ’

153 4133 264 4257 umas·
284 4139 302 4201 t·
319 4138 625 4245 comtiqmcticmsm)
660 4139 821 4211 Omtiqsatio
838 4138 909 4194 hiat:
937 4138 1099 4195 stockwerk
1117 4140 1191 4194 sines
1227 4138 1247 4196 3
1323 4108 1326 4113 Ι
