2812 4770
123 286 127 299 ’
206 322 274 390 aaa
618 317 696 386 um
723 319 814 386 aava
913 338 915 344 .

154 495 173 552 8
206 485 266 550 bus
297 485 430 549 classem
465 481 705 565 promunturiisz
743 500 837 564 quum
871 487 1003 564 repente
1035 490 1142 563 eques¹
1166 480 1249 548 alius

207 593 303 657 super
324 576 417 638 alium
441 573 477 635 ab
501 571 692 635 Hasdrubale
715 574 827 636 missus
856 588 953 654 vagos
982 572 1015 633 ia
1036 571 1129 634 litore
1158 573 1248 654 quie-

206 673 319 746 tosque
341 665 376 726 in
402 663 543 725 tentoriis
573 662 654 741 suis,
687 661 763 724 nihil
791 662 891 723 minus
921 678 1013 742 quam
1041 660 1163 723 bostem
1193 669 1249 726 aut

207 753 360 835 proelium
379 769 417 814 eo
442 751 492 813 die
512 757 740 832 exspectantes,
761 749 976 814 conscendere
995 766 1091 812 naves
1109 767 1256 831 propere.

208 849 301 923 atquc
333 858 417 903 arma
446 858 560 921 capere
590 839 690 902 iubet:
723 840 854 902 classem
883 839 1051 902 Romanam
1079 839 1139 902 iam
1162 839 1249 905 haud

154 943 172 1000 9
206 930 317 1012 procul
338 936 431 1011 portu
454 945 536 991 esse.
582 929 667 991 Haec
691 930 813 1010 equites
837 928 955 991 dimissi
976 929 1090 1010 passim
1112 929 1247 1009 impera-

165 1080 169 1087 .
206 1019 289 1082 bant.
336 1018 411 1081 blox
432 1016 605 1098 Hasdrubal
633 1018 801 1102 ipsejcum
831 1018 914 1080 omni
945 1018 1089 1080 exercitu
1117 1015 1247 1098 adorati

206 1110 357 1188 varioque
388 1108 489 1169 omnia
512 1106 644 1169 tumultu
672 1113 813 1188 strepunt
831 1106 1003 1179 ,ruentibus
1031 1107 1064 1168 in
1086 1121 1181 1169 naves
1205 1106 1248 1169 si·

208 1196 273 1259 mul
307 1195 476 1278 remigibus
511 1194 720 1275 militibusque
756 1196 942 1278 fugientium
977 1194 1076 1276 magis
1107 1213 1127 1256 e
1158 1201 1246 1259 terra

156 1299 192 1356 10
211 1304 301 1366 quam
329 1286 361 1347 in
391 1303 526 1368 pugnarn
561 1285 699 1347 euntium
728 1284 831 1348 modo.
875 1283 1008 1347 Vixdum
1041 1300 1148 1346 omncs
1172 1301 1248 1348 coa-

207 1373 404 1453 scenderant,
423 1392 518 1454 quum
540 1373 591 1435 alii
609 1373 755 1435 resolutis
775 1373 888 1435 crisin
908 1389 1040 1435 ancoras
1060 1373 1246 1452 evehuntur,

206 1463 268 1544 alii,
292 1462 429 1544 nequid
452 1469 567 1543 teneat,
592 1462 749 1524 ancoralia
766 1461 921 1544 ¹incidunt3
946 1462 1119 1545 raptimque
1143 1462 1251 1526 omnia

205 1674 318 1726 hindern
337 1674 408 1726 nieht
426 1672 489 1725 aber
507 1673 625 1724 eroffnen
643 1673 760 1739 konnen,
779 1672 834 1724 und
851 1687 912 1724 man
931 1670 988 1723 also
1007 1670 1246 1727 aurVervollsIan·

205 1746 306 1814 digung
325 1746 371 1798 des
391 1745 485 1798 Sinnes
503 1744 573 1796 noch
597 1746 640 1796 ein
659 1743 826 1812 Participium
845 1761 867 1795 z.
886 1742 915 1795 Β.
934 1744 1079 1796 recedentia
1096 1743 1247 1812 beigesetat

205 1824 342 1884 erwartet,
361 1815 502 1884 gleiehwie
521 1817 548 1866 in
568 1812 814 1883 den‘angeldhrten
832 1814 985 1883 Beispielen
1003 1814 1047 1866 bei
1065 1815 1157 1867 nebula
1174 1813 1256 1881 noch.

205 1887 328 1955 dispulsa,
352 1889 457 1940 disiecta
473 1886 550 1938 steht.
586 1885 646 1955 Vgl.
671 1885 735 1938 aber
763 1886 806 1937 die
831 1884 951 1937 thalicbc
971 1884 1053 1939 Stelle
1077 1884 1203 1954 XXXIII,
1227 1882 1256 1955 tj

206 1966 271 2010 extr.
281 1968 313 2015 sel
330 1961 384 2011 iam
401 1963 462 2027 iupa
479 1959 602 2010 montium
619 1959 751 2010 detexerat
768 1957 877 2025 nebula]
1232 1976 1233 1980 ¹
1252 2003 1256 2009 .

154 2026 173 2083 8
277 2030 366 2082 alius
384 2047 484 2098 super
501 2029 627 2096 alium)
663 2028 689 2081 S.
709 2045 742 2079 zu
761 2027 829 2095 XXI,
848 2027 892 2095 35,
912 2029 954 2082 12.
1211 2093 1214 2097 Ι

276 2102 367 2153 nibil
382 2103 489 2152 minus
508 2128 541 2136 —
560 2099 673 2168 casp.)
707 2099 742 2153 So
767 2099 861 2152 drdclrt
885 2098 940 2153 sich
959 2099 1046 2154 Livius
1066 2099 1105 2152 o'it
1125 2115 1179 2151 aus.
1217 2096 1245 2152 S.

205 2169 275 2238 VIII,
294 2171 328 2227 11
346 2172 414 2224 med.
433 2172 559 2224 Rornanos
577 2171 643 2223 nibil
659 2179 712 2224 tum
730 2175 815 2224 minus
833 2188 911 2241 quam
925 2173 1051 2240 proelium
1070 2179 1247 2241 exspectantes

205 2245 351 2310 necopinato
369 2244 481 2295 adventu
494 2243 692 2311 perculsorum
718 2241 837 2310 XXXIII,
855 2241 871 2296 7
886 2251 951 2312 post
968 2244 1037 2297 med.
1065 2249 1095 2296 ut
1118 2245 1164 2311 qni
1177 2237 1256 2298 nitri·

204 2317 290 2365 rninus
307 2315 350 2366 iiio
368 2315 409 2366 die
429 2330 557 2383 —quam
576 2315 702 2382 proelium
729 2319 909 2382 expectata,-
935 2313 980 2381 ΙΙΙ,
999 2315 1069 2369 3111.
1097 2313 1162 2383 qnod
1178 2312 1248 2365 until
1259 2312 1263 2320 ’

204 2387 287 2436 minus
306 2413 346 2440 -,
358 2388 444 2437 timeri
455 2393 558 2454 poterat
564 2403 573 2448 ;
592 2383 689 2439 ebenso
704 2384 798 2452 XXIII,
817 2385 859 2453 37,
879 2385 909 2452 63
928 2385 1021 2453 XXIV,
1040 2385 1075 2441 35
1094 2393 1160 2437 extr.
1178 2382 1247 2441 nibil

204 2457 288 2507 minus
314 2466 388 2508 ratus
414 2473 489 2525 quam
514 2485 547 2494 -
572 2457 765 2524 Syracusarum
791 2458 842 2508 sibi
868 2461 1011 2508 enercitum
1036 2458 1136 2510 obvium
1168 2452 1245 2523 {aba}

205 2525 322 2593 XXVIII,
340 2527 374 2581 22
394 2536 472 2594 extr.;
491 2526 585 2595 XXIX,
604 2527 620 2580 Ι
640 2535 720 2594 exim,
739 2524 923 2591 xxxmae
942 2537 1008 2580 extr.

48 2634 54 2639 -
276 2597 633 2667 baudprocuiportu)
669 2597 695 2650 S.
715 2615 749 2648 zu
767 2596 836 2663 XXI,
856 2598 881 2664 Ι,
901 2597 924 2650 6.

152 2665 169 2721 9
276 2670 408 2721 dimissi
426 2668 568 2737 passim)
605 2668 634 2721 S.·
650 2684 683 2718 zu
701 2666 769 2734 XXI,
789 2668 833 2734 61,
852 2668 876 2721 2.

154 2737 188 2792 10
278 2739 564 2806 conscenderant)
599 2737 626 2791 S.
645 2754 679 2789 zu
696 2736 765 2804 XXI,
783 2738 828 2804 49,
847 2738 871 2792 8.

276 2846 336 2880 res.
355 2827 448 2891 oris)
483 2828 559 2888 „Ora
575 2834 614 2876 est
631 2827 727 2878 rudens
744 2829 796 2879 sice
812 2828 893 2894 suuis,
912 2842 959 2896 pao
975 2843 1056 2880 nuces
1080 2827 1152 2880 litori
1172 2828 1246 2887 adiiss

203 2902 324 2966 pautur“.
362 2894 494 2947 Drakenb.
515 2912 548 2946 zu
561 2894 678 2961 XXVIII,
697 2896 740 2962 36,
759 2896 801 2950 11.
836 2897 895 2966 Vgl.
920 2897 988 2950 auch
1006 2897 1120 2951 Stroth's
1138 2898 1255 2959 Bomos-1

202 2970 289 3034 laung:
308 2968 414 3034 Duplici
430 2966 529 3017 uinculo
547 2966 701 3018 tenebantur
717 2986 806 3031 naues,
825 2970 1060 3032 ancoralibus,
1079 2970 1113 3021 ad
1130 2987 1243 3024 ancoras

204 3039 319 3105 adlipatn
342 3053 432 3105 prora,
457 3040 540 3105 puppi
564 3036 632 3089 cero
652 3040 738 3100 oris,
753 3037 772 3090 i.
798 3055 822 3092 c.
841 3040 1000 3106 rudentibus,
1028 3041 1063 3092 aci
1089 3043 1243 3107 retinacula,

162 3138 165 3143 -
203 3125 268 3178 quae
286 3117 361 3160 eraut
378 3111 500 3176 inportu
517 3126 561 3160 seu
579 3109 662 3160 litore.
690 3108 846 3163 'Statuebant
863 3115 930 3163 enim
945 3112 1244 3181 pausemitanae,

203 3188 232 3232 ut
248 3183 329 3248 puppi
345 3183 373 3230 in
391 3180 451 3231 litus
470 3180 545 3233 uersa
559 3197 642 3249 prora
658 3180 739 3233 altum
765 3191 897 3251 spectaret.
935 3182 1106 3238 Resolntis
1133 3187 1245 3254 ipitnr

203 3253 270 3302 oris
288 3251 394 3303 necdum
410 3251 501 3303 leuatis
518 3256 621 3304 ancoris
638 3270 716 3304 naves
734 3255 746 3304 i
751 3271 768 3304 n
787 3273 930 3308 ancoras
949 3258 1043 3309 erebi
1059 3275 1158 3310 necesse
1177 3264 1243 3309 erat.

274 3339 493 3408 [evehuntur]
529 3339 564 3392 So
584 3342 652 3392 wird
671 3342 841 3409 gcwbhnlicb
859 3344 927 3397 nacb
945 3345 1020 3397 einer
1038 3344 1241 3413 Verbesserung

204 3408 333 3464 Gronov's
352 3411 469 3478 gelesen.
505 3411 559 3463 Der
577 3412 634 3464 Put.
653 3412 718 3464 aber
736 3415 790 3466 und
809 3414 860 3468 fast
879 3415 930 3467 alle
942 3414 1022 3467 Codd.
1042 3417 1129 3482 geben
1149 3417 1241 3468 erebe-

201 3492 300 3534 rectur.
336 3483 375 3534 Da
393 3484 463 3535 dices
482 3483 747 3551 grammatischnicht
765 3486 881 3554 zulassig
900 3490 942 3552 ist,
960 3503 990 3538 so
1001 3487 1084 3538 findet
1102 3488 1159 3539 bier
1170 3486 1240 3539 obno

203 3554 316 3606 Zweilel
336 3557 378 3606 ein
398 3554 571 3606 Verderbniss
590 3564 665 3622 statt3
693 3556 829 3611 vielleicht
846 3561 880 3609 ist
893 3556 992 3623 J'edocb
1010 3556 1082 3608 nicht
1099 3559 1242 3609 evehuntur

202 3627 318 3678 sonderm
336 3626 403 3678 nach
422 3627 473 3677 den
489 3628 516 3675 in
527 3626 573 3676 der
587 3624 865 3680 handschriftl.besart
879 3627 1037 3694 gegebenen
1046 3627 1243 3695 Andeutungen

202 3701 283 3749 evecti
298 3698 403 3748 baereat
421 3713 454 3747 zu
474 3695 557 3761 lesen,
571 3697 701 3750 wodureh
720 3698 786 3749 auch
806 3700 848 3749 die
863 3688 1192 3764 nacbfolgendenWorte:
1211 3718 1243 3752 ne

201 3770 262 3835 quid
279 3776 362 3819 teneat
379 3769 439 3817 cine
457 3765 635 3820 bestimmtere
647 3768 801 3835 Beziehung
820 3767 940 3820 erbalten
954 3767 1075 3819 wdrden.
1100 3769 1159 3838 Vgl.
1172 3770 1241 3822 oben

202 3839 231 3889 ll.
251 3837 275 3903 5,
294 3837 311 3890 5
329 3835 386 3888 Alii
401 3839 528 3904 sapientes
550 3843 720 3907 papnnutium
737 3839 806 3907 piabo
827 3839 899 3901 illati
918 3838 1071 3902 baerebant;
1098 3841 1241 3912 XXXVIII,

201 3909 236 3960 22
254 3915 323 3959 extr.
339 3908 556 3960 transverberatis
574 3914 653 3963 scutis
666 3911 781 3979 plerique
799 3911 867 3961 inter
884 3928 910 3963 se
927 3914 1039 3962 conserti
1055 3913 1214 3980 haerebant]

271 3995 402 4061 teneat)
420 3995 479 4064 Vgl.
498 3996 544 4065 III,
562 3999 597 4053 29
614 3999 662 4051 sub
682 3999 725 4060 lin.
753 3998 891 4067 Confestim
907 4017 933 4051 se
951 4000 1064 4052 dictator
1082 4006 1236 4071 mupistrulu

200 4067 348 4127 abdicasset,
367 4070 396 4118 ni
411 4072 513 4122 comitia
530 4071 566 4122 M.
590 4069 681 4122 Volscii
696 4069 761 4134 falsi
777 4073 846 4122 testis
869 4073 1009 4123 tenuissent
1015 4089 1024 4135 ,·
1042 4073 1105 4126 ibid.
1126 4073 1160 4129 70
1178 4083 1240 4143 post

201 4138 236 4187 in.
254 4140 366 4205 ancipiti
382 4147 481 4192 terrore
498 4141 643 4209 dissipasset
659 4142 747 4203 bostes,
765 4144 795 4194 ni
802 4159 847 4193 suo
862 4146 1034 4212 propriorum
1048 4147 1144 4214 proelio
1162 4147 1238 4214 epui-

199 4216 236 4259 tes
246 4235 277 4246 -
289 4211 425 4264 tenuissent
429 4229 440 4275 ‚·
458 4210 515 4278 VII,
529 4212 622 4267 boxin.
639 4213 694 4268 bru
710 4230 760 4268 non
774 4214 925 4284 perlitatum
943 4223 1061 4271 manant
1078 4219 1235 4282 dictamen,
