2812 4770
128 400 130 404 .
202 327 267 399 ³38
542 396 544 401 ,
625 325 701 399 ΤΙΤΙ
723 325 813 395 LIVII
858 382 861 387 .

204 487 330 556 munitis
353 485 502 566 (medium
525 488 663 552 autumni
680 490 762 564 erat)
778 487 864 555 Fabii
887 486 1005 553 antibus
1027 505 1098 551 cum
1120 502 1245 554 summa

152 584 170 640 2
206 582 288 645 inter
310 597 346 642 se
370 577 537 641 concordia
556 578 672 641 ballum
695 587 872 663 gesserunt.
918 578 1151 642 Frumentatum
1165 597 1244 644 exe·

204 670 269 749 unti
292 668 453 738 Hannibali
476 667 607 730 diversis
631 668 709 732 locis
734 669 898 752 opportuni
922 668 1051 732 aderant
1075 676 1244 750 carpentes

203 777 317 842 agmen
335 757 516 839 palatosque
531 758 735 841 excipientes.
781 757 815 820 ln
832 775 938 820 casum
961 759 1128 822 universae
1152 757 1244 822 dimi-

204 849 344 928 cationis,
363 865 454 927 quam
474 847 614 910 omnibus
638 847 755 911 artibus
770 845 896 928 petebat
918 847 1027 928 hostis,
1047 864 1109 911 non
1129 848 1244 933 uenie-

151 943 169 1010 3
203 936 294 1018 bant3
318 935 460 1017 adeoque
484 936 587 1017 inopia
611 944 658 1000 est
682 943 809 1000 coactus
831 935 991 1017 Hannibal,
1015 943 1058 1018 ut,
1083 937 1152 998 nisi
1167 953 1242 1000 cum

203 1025 297 1110 fugae
330 1027 436 1107 specie
469 1023 643 1088 abeundum
682 1027 852 1107 timuisset,
886 1024 1014 1090 Gallium
1046 1026 1241 1106 repetiturus

201 1158 450 1179 W·—

204 1308 227 1362 Β
278 1237 430 1304 [medinm
447 1239 600 1290 automni
617 1237 711 1305 erat)
746 1237 782 1292 So
801 1235 867 1289 nach
887 1235 1016 1290 Gronov's
1032 1234 1243 1306 Verhesserunq.

229 1325 258 1362 er
276 1309 335 1363 Put.
354 1310 424 1377 gibt:
448 1328 521 1379 quom
539 1314 657 1363 autumni
673 1319 746 1374 erat3
769 1312 839 1362 nwei
856 1324 910 1362 von
929 1309 980 1361 den
998 1306 1124 1363 besseren
1143 1306 1243 1361 eodum

206 1399 263 1434 eum
287 1385 405 1435 autumni
428 1391 502 1444 erat5
529 1381 571 1434 die
593 1381 740 1450 jungerer:
768 1399 824 1433 cum
849 1381 928 1447 (oder
947 1381 1015 1447 tum)
1040 1382 1158 1433 autumni
1184 1387 1244 1431 erat

204 1461 301 1522 tempos
318 1452 372 1505 und
381 1452 547 1505 Aehnliches.
583 1454 734 1505 Extremum
743 1454 868 1516 autumni,
886 1469 943 1505 was
954 1451 1063 1504 Crevier
1081 1450 1149 1504 nach
1167 1452 1244 1502 einer
1269 1468 1273 1473 ·

206 1523 310 1576 Pariter
333 1523 476 1576 Handschr.
501 1523 630 1592 empfahl,
658 1525 723 1577 lasst
750 1524 805 1578 sich
830 1524 922 1577 weder
946 1526 993 1575 mit
1017 1524 1076 1574 dcun
1101 1521 1243 1574 Ausdrueh

204 1604 305 1647 mature
322 1595 392 1647 noch
409 1598 458 1648 nuit
477 1595 577 1648 danim
595 1611 652 1648 vor.
671 1596 735 1664 liap.
754 1599 778 1660 ς.
794 1595 809 1649 t
828 1596 985 1665 gegebenen
1004 1594 1243 1660 Zeitbestimmung

205 1665 310 1732 (exacto
328 1669 381 1718 ium
395 1683 474 1734 prope
492 1670 608 1718 semestri
623 1667 745 1735 imperio)
763 1667 837 1718 recht
854 1668 882 1718 in
892 1666 1027 1734 Einhlang
1045 1665 1167 1733 bringeu.
1199 1663 1241 1715 Ζιι

204 1737 315 1787 medium
331 1741 450 1788 autumni
467 1737 521 1805 vgl.
539 1737 682 1804 XXXVIII,
700 1737 734 1791 27
753 1747 818 1789 extr.
844 1740 896 1789 inm
914 1741 981 1789 enim
997 1737 1107 1788 medinm
1124 1734 1245 1787 autumni

205 1815 279 1870 παις
296 1806 388 1872 XXVI,
406 1807 441 1860 45
459 1807 507 1860 sub
526 1808 571 1859 fin.
597 1808 710 1861 Medium
732 1810 814 1875 feroce
831 1810 884 1860 dici
898 1818 971 1873 erut,·
998 1806 1103 1874 XXVII,
1121 1805 1156 1861 48
1175 1814 1243 1858 extr.

204 1881 258 1932 iam
275 1879 328 1933 diei
342 1879 451 1945 medium
467 1888 540 1942 erum
558 1880 709 1932 ausaerdem
728 1879 797 1946 XXI,
815 1879 859 1945 33,
878 1878 915 1946 7.]

278 1966 398 2001 summa
416 1952 507 2003 inter
525 1951 679 2017 secono.)
715 1950 740 2003 S.
761 1967 793 2001 zu
812 1949 880 2016 XXI,
899 1951 943 2016 39,
962 1949 988 2003 9.

152 2018 172 2075 2
279 2019 474 2089 [opportuni
489 2021 650 2090 aderant)
685 2020 1245 2089 VgI.XXIV,13‚4Hnnnidnlcollauda·

155 2090 157 2095 ’
207 2099 243 2144 tos
260 2109 301 2143 eos
318 2121 352 2129 -
371 2093 469 2144 mmmm
487 2093 522 2144 ad
543 2102 631 2162 σοφίη
648 2094 805 2146 maturanda
829 2095 913 2145 redire
931 2094 1015 2145 iubet:
1041 2111 1068 2144 se
1086 2095 1114 2144 in
1133 2103 1244 2161 tempore

207 2163 363 2229 adfuturum
379 2181 432 2215 esse
456 2163 519 2230 („er
537 2165 628 2217 werde
647 2180 695 2216 zur
713 2164 820 2217 rechten
835 2164 953 2218 Zeithei
973 2163 1020 2215 der
1038 2164 1112 2216 Haud
1131 2162 1243 2230 seiut‘m

209 2305 242 2360 61
270 2235 475 2360 2carpentes)
512 2235 538 2288 S.
558 2235 627 2288 oben
646 2253 679 2287 zu
698 2235 726 2288 II.
746 2236 790 2304 16,
808 2236 825 2289 2
843 2237 897 2288 und
916 2235 982 2288 tiber
1002 2236 1104 2305 palatos
1122 2251 1155 2287 zu
1173 2233 1243 2303 xxt,

245 2342 253 2374 2
278 2380 458 2431 universae
476 2377 565 2446 dim.)
602 2377 626 2431 d.
645 2378 671 2430 h.
690 2380 783 2446 „einer
801 2377 1022 2446 Hauptschlacht“
1041 2379 1078 2430 Inr
1095 2375 1243 2445 Gegeneutz

207 2463 241 2500 zu
259 2448 311 2501 den
329 2449 427 2501 vorher
454 2449 611 2504 erwahnten
629 2449 809 2503 Plaukeleien.
846 2449 907 2519 Vgl.
925 2449 1019 2515 XXIII,
1038 2447 1117 2516 16,4
1143 2449 1246 2502 Proelia

207 2520 371 2589 hincmarum
387 2525 455 2573 inter
471 2522 560 2573 urbem
577 2531 713 2591 austroque
730 2531 754 2576 et
771 2526 846 2576 caric
860 2531 951 2574 euentu
968 2522 1069 2587 βιὸιιηι,
1087 2524 1150 2590 'qaia
1167 2522 1244 2573 duces

207 2609 254 2644 nec
276 2592 411 2715 prohissebre
425 2610 530 2714 ριιιιξῖοε1
550 2602 641 2714 teme?
656 2603 822 2717 ριοέοοῙαᾷιιεε
838 2611 883 2645 neec
901 2594 965 2645 dure
988 2597 1089 2662 siquem
1108 2597 1245 2646 universae

153 2732 171 2788 3
203 2673 632 2801 Puqndd.mddtanetouetgo'sadlc.)
645 2665 887 2804 zdironov’sdldug
904 2750 962 2802 vor,
981 2735 1045 2789 weil
1064 2743 1167 2787 coaetus
1184 2732 1245 2786 hier

206 2803 260 2856 ihm
278 2805 451 2856 unlateinisch
470 2805 573 2857 schlen:
593 2815 617 2857 et
634 2806 669 2858 cd
681 2809 709 2858 id
724 2811 824 2874 inopiae
837 2816 874 2858 est
890 2808 1009 2859 redactos
1026 2807 1076 2869 II.‚·
1093 2806 1243 2858 Drakenb.:

207 2876 332 2943 aditique
350 2879 450 2944 inopiae
468 2885 504 2928 est
522 2878 642 2928 reductus
658 2877 691 2928 Η.
727 2876 835 2930 Bekher
853 2878 914 2930 llest
932 2896 1006 2947 eoque
1024 2881 1123 2946 inopiae
1142 2885 1178 2929 est
1196 2894 1243 2929 re-

207 2945 304 2997 ductos.
341 2945 376 2997 Es
396 2946 498 2998 scheiut
517 2946 588 3013 aher,
608 2948 667 2999 dass
692 2948 734 3001 die
752 2947 917 3017 Bcdeutung,
945 2952 972 3000 in
1001 2948 1048 3000 der
1072 2966 1158 3016 coqere
1184 2947 1245 3000 hier

207 3014 411 3117 gebrauchtuist,
429 3017 485 3069 sich
504 3018 551 3070 aul
566 3019 617 3069 den
629 3017 730 3086 Begniil
746 3018 1016 3087 „zusammenziehem
1037 3021 1095 3070 ein·
1115 3021 1180 3071 oder
1198 3019 1245 3072 hc-

206 3087 1068 3232 :lttfllttnltlillidiilttnlllg‘nl'tttttt
1087 3089 1245 3214 {tlt-tlt

207 3230 285 3283 hinnu
305 3232 337 3300 (s.
347 3248 369 3285 n.
379 3231 408 3284 B.
419 3232 487 3284 chen
507 3232 535 3284 Il.
546 3232 588 3300 15,
609 3233 642 3286 11
660 3235 740 3286 auitas
757 3238 785 3286 in
803 3244 876 3287 artas
893 3243 993 3289 coaetus
1010 3235 1116 3300 sanaem
1132 3230 1239 3300 XXXII,

207 3301 242 3357 10
259 3305 295 3355 in.
313 3303 358 3355 ubi
373 3307 402 3355 im
419 3306 561 3357 artasium
579 3308 652 3373 repas
669 3304 739 3359 Aous
761 3310 860 3375 coqitur
876 3311 976 3370 (νηπίη
993 3304 1039 3371 IX,
1058 3305 1093 3359 33
1111 3303 1180 3356 med.
1198 3296 1256 3373 qui'

208 3402 239 3413 -
259 3376 441 3444 lonqinqcitcte
462 3384 610 3444 potestatem
632 3377 801 3429 dominantem
826 3381 900 3429 intra
926 3395 972 3429 sem
998 3393 1111 3429 nmmum
1136 3384 1161 3426 et
1178 3377 1245 3427 anni

201 3450 324 3516 cueqiaset
340 3447 482 3515 spatium);
500 3447 573 3501 diese
591 3449 626 3499 ist
644 3448 707 3500 aber
724 3464 757 3500 an
775 3447 829 3499 und
847 3448 889 3500 lttr
907 3448 963 3501 sich
987 3447 1059 3499 nicht
1085 3444 1244 3499 wesentlich

206 3520 254 3569 mit
275 3519 323 3569 der
347 3517 502 3572 erwh'hnten
519 3518 678 3587 Bedeutung
702 3519 749 3571 des
767 3519 895 3571 Verbums
920 3518 1075 3572 verbunden
1098 3518 1152 3569 und
1177 3516 1245 3586 liegt

206 3589 343 3641 obeuntem
367 3588 425 3640 hier
449 3592 476 3640 iu
499 3591 615 3659 adeoque,
642 3606 699 3643 was
724 3589 962 3659 gleichbcdeutend
988 3591 1034 3641 mit
1052 3599 1077 3641 et
1094 3592 1122 3641 in
1139 3589 1167 3640 id
1184 3590 1243 3642 sein

206 3657 286 3710 kann.
322 3659 376 3710 Der
394 3659 552 3730 Ucbergang
577 3661 640 3712 aher
663 3677 716 3714 von
740 3662 787 3713 der
811 3659 989 3729 cigentlichen
1012 3659 1176 3711 ra'umlichen
1194 3659 1245 3712 Be-

207 3728 326 3796 deutung
345 3729 392 3782 aui
407 3731 450 3783 dic
468 3731 664 3800 uncigentliche
683 3733 717 3783 lst
734 3732 819 3788 nichta
837 3729 1025 3783 Aullallendes.
1062 3730 1097 3783 So
1117 3732 1151 3782 ist
1167 3729 1242 3794 wohl

207 3798 273 3850 auch
290 3815 324 3851 zu
342 3800 455 3853 nehmen
475 3802 494 3868 l,
513 3803 548 3856 28
566 3802 614 3854 sub
634 3803 677 3853 lin.
714 3803 757 3854 Ad
773 3805 835 3854 haee
851 3800 1049 3869 Athenopolim
1065 3829 1097 3838 -
1113 3806 1142 3853 in
1160 3805 1243 3854 varie

207 3871 379 3924 voluntatibus
391 3877 524 3924 communi
538 3883 622 3925 tamen
638 3883 706 3924 metu
727 3881 827 3942 coqente
848 3873 975 3924 silentium
993 3881 1076 3937 tenea·
1100 3871 1165 3937 Sall.
1185 3872 1242 3942 lug.

208 3939 287 4007 98,5
313 3958 393 4009 reyes,
411 3942 462 3994 loci
478 3944 629 4012 difficultate
646 3946 736 4005 coacti,
759 3942 859 4013 proelio
877 3943 1041 3996 deterrentur
1069 3945 1164 4012 (wenn
1182 3958 1242 3997 man

207 4011 280 4066 nicht
298 4011 371 4064 diosc
389 4011 472 4066 Stelle
491 4014 574 4066 durch
592 4016 652 4066 eine
670 4014 778 4080 synesis
798 4014 920 4067 erkldreu
939 4015 1022 4081 will).

281 4082 367 4150 [cum
392 4084 491 4152 [oque
516 4087 627 4155 specie
653 4085 858 4152 adeundum)
896 4085 931 4138 So
957 4086 1003 4138 hat
1024 4086 1175 4140 Alschefski
1199 4085 1243 4139 dic

157 4182 166 4193 .
206 4154 291 4215 Stella
309 4153 378 4206 nach
396 4154 455 4207 dem
473 4156 531 4210 Put.
549 4156 603 4209 uud
627 4157 715 4209 einem
738 4157 787 4210 der
809 4156 936 4215 hesseren
955 4156 1037 4210 Codd.
1061 4157 1242 4227 gaschrieben.

153 4230 166 4238 ''
206 4224 257 4281 Dic
275 4225 402 4296 Vulgata:
426 4229 482 4293 m
495 4235 550 4291 tum
568 4229 653 4299 fitque
668 4231 786 4301 speciem-
799 4228 915 4285 adeundo
932 4232 1056 4287 timm'smt
1073 4230 1142 4286 wird
1160 4227 1243 4292 druch,
