2812 4770
477 356 549 425 le.
571 355 652 426 XXI.
681 354 765 426 CAP.
789 357 843 424 19.
1112 355 1177 423 tm

128 536 255 588 sensum
278 525 382 585 tamen
405 526 462 601 est,
487 521 559 604 quia
582 527 614 584 et
635 521 709 585 iuna
730 538 852 603 pernox
875 524 958 600 erat,
984 524 1016 584 et
1039 517 1167 584 sublatis

128 611 326 678 armamentis
349 610 530 693 veniebant,
562 611 718 692 extemplo
751 611 853 674 datum
883 629 924 672 ex
947 610 1082 692 speculis
1106 609 1168 692 sig·
1187 615 1222 671 10

126 720 199 765 num
223 702 309 764 etin
333 701 444 782 oppido
468 699 506 762 ad
530 719 614 762 arma
638 700 862 763 conclamatum
886 707 934 762 est
958 707 990 762 et
1014 701 1046 762 in
1071 714 1167 762 naves

129 807 352 855 conscensum:
384 806 457 871 pars
480 789 609 852 militum
632 791 665 851 in
686 791 782 852 muris
804 796 1027 870 portarumque
1051 790 1084 850 in
1107 796 1168 850 sta·

126 880 272 960 tionibus,
297 896 369 961 pars
388 878 566 968 inparibus
591 886 689 942 erant.
735 879 774 942 Et
793 879 1074 960 Carthaginienses,
1095 878 1166 958 quia
1185 884 1219 941 11

127 987 194 1033 rem
219 969 289 1032 fore
312 967 394 1031 haud
418 987 487 1031 cum
507 969 662 1049 imparatis
683 967 861 1050 cernebant,
880 985 982 1050 usque
1001 967 1039 1029 ad
1063 967 1166 1029 lucem

127 1065 220 1141 portu
242 1075 278 1120 se
303 1057 519 1121 abstinuerunt
550 1056 710 1121 demendis
743 1059 940 1120 armamentis
965 1074 1002 1120 eo
1026 1064 1167 1136 tempore

128 1147 322 1230 aptandaque
346 1146 385 1208 ad
407 1165 542 1229 pugnam
562 1147 664 1209 classe
683 1146 854 1228 absumpto.
900 1146 958 1209 Ubi
980 1146 1091 1226 illuxit,
1115 1162 1165 1206 re·
1184 1143 1219 1202 12

129 1254 244 1318 cepere
268 1235 401 1299 classem
425 1237 455 1298 in
479 1236 591 1318 altum,
616 1243 648 1299 ut
671 1238 802 1317 spatium
825 1254 948 1319 pugnae
974 1242 1073 1316 esset,
1101 1234 1167 1315 exi-

128 1333 255 1407 tumque
287 1324 419 1388 liberum
443 1344 461 1388 e
492 1333 585 1406 portu
616 1343 712 1387 naues
735 1326 869 1388 hostium
891 1324 1053 1387 haberent.
1099 1323 1165 1385 Nec
1184 1325 1218 1382 13

128 1415 258 1478 Romani
287 1413 503 1478 detractavere
530 1432 664 1496 pugnam
698 1423 729 1478 et
757 1415 907 1478 memoria
931 1417 1015 1476 circa
1039 1431 1077 1476 ea
1101 1413 1168 1494 ipsa

128 1504 199 1568 loca
235 1511 394 1588 gestarum
428 1522 534 1568 rerum
567 1503 641 1567 freti
678 1511 709 1567 et
744 1504 873 1568 militum
902 1501 1098 1568 multitudine
1130 1519 1168 1566 ac
1204 1508 1206 1512 “

128 1594 253 1658 virtute.
358 1601 365 1609 ‘

196 1822 413 1876 praesensum
436 1813 543 1858 tamea
566 1803 633 1873 est)
668 1805 758 1871 „Idem
774 1814 825 1868 est,
849 1823 881 1858 ac
898 1807 924 1858 ιι·
941 1805 1062 1874 pluribus
1084 1801 1167 1860 aerbe'e

127 1877 214 1932 moos
231 1878 348 1930 deamat:
365 1892 515 1946 quamquam
533 1885 616 1928 autem
626 1876 655 1928 de
668 1877 796 1929 industria
810 1886 855 1929 etc.
874 1875 1031 1945 Lilybaeum,
1037 1895 1165 1948 praesen-

127 1966 183 2002 eum
200 1957 285 2001 tamea
297 1957 342 2012 est,
360 1951 421 2017 quia
438 1958 482 2001 etc.
502 1949 640 2002 veniebant.
673 1949 759 2000 Sa'muI
770 1952 856 2018 itaque
866 1966 1032 2017 praesensum
1050 1958 1095 2012 est,
1114 1967 1165 2001 eu-

129 2021 218 2090 templo
235 2023 301 2073 etc.“
337 2019 468 2072 Drakenb.
508 2021 600 2071 Tamen
617 2018 723 2071 bertebt
741 2019 797 2079 sich
815 2019 871 2073 also
891 2019 938 2072 auf
953 2037 1106 2090 quamnquam
1131 2022 1168 2071 im

130 2091 350 2144 Zwimbensatzc.
388 2091 448 2160 VgI.
467 2090 585 2157 XXVIII,
603 2089 692 2144 42111.
712 2092 810 2154 Cetera,
833 2108 912 2159 aeque
935 2109 966 2145 ea
991 2093 1073 2155 eleae,
1097 2091 1167 2143 uallo

128 2173 212 2216 tamea
229 2164 302 2216 modo
318 2162 411 2229 Africo
435 2163 498 2215 bello
515 2163 695 2231 comparanda.
734 2161 833 2229 [111,9
858 2170 918 2228 post
935 2164 971 2215 in.
996 2173 1093 2215 matura
1108 2166 1167 2231 e'pea

126 2235 235 2297 atera,
253 2243 283 2288 ut
299 2235 435 2299 homiuum,
454 2251 515 2302 quoe
532 2250 668 2301 numquam
686 2234 806 2299 uiderint,
831 2234 906 2300 fidem
924 2242 1009 2286 tamea
1026 2235 1165 2303 implorent.

128 2305 163 2360 So
183 2305 230 2358 auI
246 2307 289 2359 ein
298 2306 466 2373 PartIcipium
484 2303 624 2372 bezitglich
642 2303 724 2371 XXII,
733 2305 760 2372 2,
777 2304 794 2358 5
812 2305 904 2368 Primi,
923 2318 974 2375 qua
990 2307 1059 2359 arado
1074 2307 1166 2374 praei-

128 2385 186 2430 reat
204 2379 287 2441 duces,
304 2406 336 2416 —
359 2379 447 2430 bauste'
460 2393 541 2445 pocae
558 2377 616 2428 Ie'mo
643 2379 863 2445 a'mmcrpeatesque
880 2394 907 2428 se
931 2386 1015 2430 taurea
1031 2380 1107 2447 sepem
1123 2394 1167 2429 ee-

127 2449 276 2519 petantur.
313 2447 374 2517 Vgl.
390 2447 489 2514 jedoob
508 2448 551 2499 die
569 2447 642 2500 Bem.
661 2463 694 2498 zu
713 2450 736 2510 ξ.
755 2447 792 2514 8.]

197 2521 344 2573 sublatis
362 2523 575 2585 armamentis
592 2519 793 2587 ueniebant)
816 2517 929 2582 „Vem'rc
947 2520 1054 2573 sublatis
1072 2536 1165 2573 arma-

127 2593 220 2646 meare
236 2600 276 2644 eet
292 2596 415 2661 aucupare
432 2593 537 2644 sublatis
555 2592 617 2645 velis
635 2590 670 2643 ad
691 2608 783 2643 cursam
809 2591 969 2644 celemtutem.
1011 2592 1061 2644 Hic
1083 2601 1169 2644 autem

128 2672 287 2716 armamenta
301 2665 435 2733 perspicae
450 2681 501 2732 pro
519 2665 636 2715 caterraa‘e
653 2671 678 2714 et
695 2664 757 2715 vetio
771 2662 863 2714 ateu‘t
884 2662 996 2715 Turneb.
1015 2663 1076 2727 „Ita
1092 2664 1168 2730 iufra

127 2732 246 2800 XXXIII,
263 2733 306 2801 48,
326 2733 343 2788 5
361 2735 427 2802 queat
443 2735 500 2787 vela
516 2752 574 2786 cum
592 2737 709 2788 auteaat's
727 2735 839 2798 diecret,
854 2735 932 2804 paulo
953 2744 1010 2806 post
1032 2736 1085 2788 eod.
1108 2751 1165 2806 cap.

127 2815 288 2859 armannum
304 2809 434 2859 oocum't“.
471 2805 604 2860 brakeub.

200 2877 252 2943 [ia
269 2895 369 2931 uuoes
392 2878 629 2947 conscensum)
664 2877 756 2947 „Allea
780 2877 884 2949 bestieg
911 2878 955 2933 dte
978 2878 1102 2934 Schiffe“.
1138 2876 1166 2935 S·
1184 2874 1220 2933 10

130 2945 297 3018 Nttgclsbacb
316 2949 429 3002 Stilistik
446 2968 472 3018 p.
490 2950 565 3018 212]
711 2973 713 2978 ’

201 3021 319 3088 eruat)
355 3021 381 3075 S.
402 3021 470 3074 oben
489 3038 522 3074 au
542 3022 570 3073 II.
589 3020 634 3089 27,
651 3022 676 3076 9.

199 3092 288 3145 baud
303 3110 373 3145 eum
394 3095 601 3162 imparatis)
636 3093 660 3146 d.
679 3095 697 3146 i.
716 3112 774 3146 cum
790 3095 861 3149 baud
877 3095 1018 3164 imparatis.
1056 3091 1085 3145 Ia
1104 3093 1166 3146 thn-
1185 3090 1216 3147 11

129 3162 213 3215 lichen
231 3162 328 3216 Weisc·
348 3163 417 3217 steht
441 3165 522 3217 bitere
547 3167 590 3217 ein
609 3164 685 3217 Wort
716 3181 765 3219 vor
784 3167 833 3218 der
850 3167 1024 3234 Praposition,
1049 3165 1096 3216 das
1119 3167 1168 3217 mit

129 3234 190 3287 dem
208 3249 261 3287 voa
279 3234 320 3286 ibr
338 3234 506 3304 abhangigen
524 3235 650 3301 Adjektiv
668 3253 701 3287 au
720 3236 865 3289 verbIndea
892 3239 935 3289 iat.
972 3236 1033 3304 Vgl.
1052 3235 1127 3303 VIII,
1149 3235 1167 3289 2

129 3315 190 3358 ante
209 3305 278 3358 med.
296 3307 366 3358 baud
384 3310 412 3359 ιιι
429 3308 508 3358 dubia
530 3324 573 3374 epe
596 3315 685 3369 eraut,·
710 3306 744 3358 ib.
771 3308 805 3361 13
828 3311 864 3360 in.
890 3308 1023 3359 admodum
1042 3323 1059 3358 a
1074 3308 1167 3375 paucis

125 3377 237 3446 γυμνᾶς
263 3376 343 3444 XXII,
361 3376 404 3443 50,
424 3378 440 3431 9
459 3381 573 3446 praumato
586 3394 636 3446 per
653 3379 780 3443 confertos
796 3379 893 3441 bostem·
920 3376 1023 3443 XXXV,
1043 3377 1078 3430 12
1096 3377 1166 3429 med.

128 3465 176 3571 {aa
194 3467 227 3500 eu
246 3449 337 3501 altiore
354 3451 475 3517 fastipe'o;
498 3447 596 3514 XXVI,
624 3447 660 3502 24
677 3450 713 3499 in.
731 3466 760 3500 eo
777 3451 805 3500 o'a
822 3451 920 3500 maiore
936 3450 1040 3514 futuros
1056 3449 1166 3512 bouere3

153 3519 245 3586 XXIII,
264 3519 282 3584 2
300 3521 335 3572 in.
354 3539 383 3573 eo
399 3538 457 3572 cum
471 3523 569 3572 maiore
587 3522 756 3580 auetoritate3
773 3519 891 3586 XXXVI,
900 3520 935 3574 36
954 3528 1018 3572 extr.
1035 3538 1063 3572 eo
1081 3523 1166 3572 amaia

127 3608 184 3643 eum
200 3594 296 3644 maiore
312 3593 436 3660 reb'pe'oae
453 3594 543 3657 fractam
568 3589 642 3657 XLV,
661 3591 679 3644 2
697 3599 758 3659 post
774 3593 810 3642 in.
849 3591 884 3645 So
904 3589 997 3643 Cicero
1020 3590 1077 3644 Fin.
1098 3591 1129 3657 V,
1148 3591 1166 3645 9

128 3661 163 3715 26
181 3680 256 3731 quam
273 3666 302 3716 a'a
319 3672 417 3732 optem
434 3668 477 3716 sui
496 3667 595 3733 peaera'r
620 3672 703 3725 statu3
727 3678 807 3714 wozu
825 3661 931 3732 Madvig
959 3662 1076 3715 anfuhrt:
1107 3662 1165 3715 uin.

127 3732 172 3799 IV,
190 3733 217 3801 5,
236 3734 270 3789 13
288 3752 410 3804 quamque
427 3737 457 3787 ab
475 3736 552 3788 rebus
568 3738 667 3798 aarum
691 3733 766 3787 Verr.
786 3733 830 3800 IV,
848 3732 891 3801 44,
911 3735 946 3788 96
965 3744 1017 3787 tam
1035 3753 1068 3788 ec
1086 3735 1168 3787 aube'li

127 3807 246 3868 unitata
263 3804 299 3856 ib.
318 3805 350 3872 V,
368 3805 412 3873 48,
430 3806 481 3862 127
500 3816 553 3858 tam
569 3810 597 3859 e'a
612 3808 705 3875 paucis
722 3807 807 3870 cottia
825 3807 877 3860 Au.
897 3805 942 3873 III,
962 3806 1004 3874 10,
1023 3807 1041 3862 2
1059 3816 1112 3861 tam
1129 3824 1163 3860 em

128 3876 212 3944 amplo
230 3883 308 3939 statu,
327 3886 379 3930 tam
395 3882 423 3931 eit
440 3879 506 3931 bona
522 3895 602 3931 cauea
619 3887 665 3931 ete.

200 3946 369 4000 demendis
387 3950 623 4018 armamentis)
658 3949 806 4015 „Dicuntur
824 3951 890 4002 demi
906 3959 1072 4014 armamenta,
1090 3965 1168 4020 patum

128 4016 186 4070 cela
202 4018 397 4082 contrabantur,
414 4022 478 4074 maii
493 4022 661 4085 e'uela'auatur,
680 4031 806 4075 antennae
830 4031 1028 4090 componentem
1051 4023 1118 4092 quod
1138 4023 1167 4074 e'a

126 4107 214 4159 pupae
231 4089 321 4141 nauali
334 4090 448 4146 autlemue
466 4097 549 4146 erat“.
585 4093 718 4146 Drakenb.
755 4093 814 4162 Vgl.
833 4092 950 4160 XXXVI,
968 4093 1056 4148 44111.

200 4179 333 4231 ceritum
359 4177 758 4251 liberum-baberent)
793 4181 820 4236 S.
839 4198 872 4236 zu
890 4182 971 4250 XXII,
989 4181 1034 4251 34,
1052 4181 1094 4238 11.
1185 4179 1221 4238 lt

201 4268 554 4341 circaeae'pealoe'a)
588 4271 614 4330 S.
633 4289 667 4328 au
685 4270 714 4327 11.
734 4272 778 4342 10,
795 4270 820 4328 t.
1186 4270 1222 4328 13

913 4359 982 4420 12*
