2812 4770
473 330 647 402 utu-xxi.
676 332 761 402 OXP.
785 333 839 399 33.
1103 323 1170 392 'tot

132 507 226 581 mats,
250 499 438 583 luae-primu
460 490 555 563 subiit
576 498 726 579 tumulos,
749 504 785 560 ut
807 513 849 559 ex
872 500 980 578 operto
1004 501 1098 576 utque
1124 490 1171 553 in·
1207 514 1210 519 ·

132 590 236 655 terdiu
269 590 331 652 vim
365 604 423 671 per
454 587 612 673 angustius
641 588 790 651 lecturus.
846 586 905 648 Die
937 583 1050 647 deinde
1079 582 1225 644 simu-11

132 679 225 744 lando
243 677 327 747 uliud
346 696 436 760 quum
454 679 538 760 quod
555 677 721 759 parebatur
739 682 931 757 consumpto,
949 692 1043 755 quum
1060 668 1171 734 eodem

133 786 195 852 quo
218 769 422 831 constiterunt
454 768 523 830 loco
552 774 653 829 castre
677 767 933 845 communissent,
957 763 1009 826 ubi
1041 761 1173 843 primum
1192 765 1227 820 12

92 918 96 939 ,
134 858 294 940 digressos
323 857 449 920 tumulis
471 862 640 928 ,montanos
668 855 857 936 ,laxatusque
885 855 984 917 sensit
1006 849 1173 929 custodias,

131 944 272 1030 pluribus
294 945 417 1027 ignibus
433 964 524 1028 quum
546 962 753 1026 pro-numero
769 943 957 1006 manentium
980 942 1012 1003 in
1035 940 1172 1021 speciem

133 1037 224 1100 fectis
256 1034 546 1116 impedimentisque
582 1052 652 1096 cum
686 1035 791 1117 equite
824 1031 942 1095 relictis
976 1036 1008 1092 et
1042 1030 1174 1115 maxims

133 1131 224 1209 parte
252 1122 407 1207 peditum,
436 1126 504 1204 ipse
535 1140 604 1187 cum
635 1121 805 1205 expeditis,
844 1121 997 1184 acerrimo
1031 1135 1156 1200 quoque
1193 1124 1227 1180 13

133 1214 213 1294 uiro,
241 1214 352 1294 ruptim
381 1212 541 1295 angustias
564 1211 666 1276 evadit
695 1213 795 1294 iisque
825 1212 900 1293 ipsis
931 1209 1071 1289 tumulis,
1096 1222 1174 1289 quos

135 1302 243 1367 boues
265 1309 441 1383 tenuerunt,
466 1301 617 1364 consedit.

220 1388 354 1454 XXXIII.
394 1391 492 1454 Prima
516 1389 630 1453 deinde
652 1390 725 1453 luce
748 1395 850 1452 cestra
872 1395 970 1471 motu,
1002 1395 1033 1452 et
1056 1403 1170 1470 agmen
1208 1392 1224 1447 1

133 1478 286 1560 reliquum
315 1479 463 1543 incedere
488 1480 601 1562 coepit.
651 1480 713 1542 lam
745 1479 882 1542 montani
913 1479 1003 1562 signo
1033 1476 1103 1540 dato
1129 1495 1170 1541 ex
1205 1482 1224 1538 2

135 1569 272 1633 castellis
295 1569 333 1632 ud
356 1571 520 1633 stationem
536 1570 656 1633 solitum
673 1568 910 1648 conveniebant,
928 1586 1023 1649 quum
1042 1574 1173 1647 repente
1221 1616 1226 1621 .

136 1660 331 1741 conspiciunt
360 1659 438 1721 elios
470 1677 545 1722 arce
578 1666 727 1743 occupatu
757 1677 812 1723 suu
843 1676 938 1741 super
961 1663 1053 1740 ceput
1081 1657 1177 1719 immi·

136 1868 171 1924 18
189 1878 254 1923 extr.
272 1888 367 1940 maana
382 1886 445 1940 pars
462 1873 517 1924 sine
534 1872 710 1925 commeatibus
728 1872 760 1922 ab
778 1871 856 1940 manis
873 1869 1064 1932 dilabebanturs
1082 1867 1174 1935 XXIV,

135 1940 171 1995 46
189 1950 253 1995 eutr.
271 1943 355 1995 Imber
373 1971 407 1983 -
425 1944 538 1996 custodes
555 1945 690 2012 virilesque
713 1944 823 2012 dilapsas
841 1961 855 1994 e
872 1942 1024 1996 stationibus
1046 1941 1176 2012 suffuqere

135 2015 164 2065 s'm
180 2021 246 2065 tecta
262 2018 345 2082 cuerit.
384 2014 455 2082 [Vgl.
475 2032 508 2067 zu
526 2015 620 2081 XXIII,
639 2015 665 2079 3,
685 2013 740 2079 td]

206 2103 245 2136 ee
263 2087 399 2154 aperto)
435 2086 462 2141 S.
481 2104 514 2139 zu
532 2090 557 2150 ἓ.
577 2086 607 2154 73
631 2085 736 2150 XXXV,
756 2084 773 2139 5
792 2086 828 2136 in.

207 2155 412 2225 [diaressad
456 2157 492 2210 So
518 2157 562 2208 die
587 2158 699 2208 meissen
723 2156 776 2207 und
804 2155 848 2206 dle
879 2155 1004 2207 besseren
1030 2153 1175 2207 Haudschr.
1195 2154 1230 2209 12

136 2225 196 2294 Vgl.
216 2227 284 2279 oben
302 2230 327 2291 ξ.
345 2228 381 2283 10
398 2229 479 2281 dilabi
495 2228 549 2280 und
567 2229 612 2348 dte
628 2227 700 2279 Rem.
719 2244 752 2278 zu
772 2226 800 2278 lt'.
819 2225 862 2290 36,
881 2224 920 2293 4.]

206 2298 344 2352 lanatas
362 2300 570 2365 custodias]
613 2299 649 2366 gl.
668 2313 716 2349 zur
729 2297 910 2364 Eridutcrnng
927 2296 1021 2362 XXVI,
1038 2296 1057 2350 4
1075 2299 1111 2348 ln.
1130 2313 1177 2349 uec

135 2372 233 2421 mutere
251 2369 399 2437 (poteraut)
422 2375 523 2422 uuuts'as
547 2371 583 2422 ad
599 2369 770 2421 Hannibalem
789 2385 838 2436 ριν
862 2368 989 2420 eumadias
1014 2377 1067 2419 tam
1090 2377 1180 2432 artas3

136 2440 203 2492 auch
222 2449 303 2491 unten
322 2440 351 2494 X.
369 2440 413 2505 59,
433 2441 449 2494 6
477 2441 550 2504 Quod
566 2441 613 2492 abs¹
628 2439 760 2491 Hannibal
776 2440 872 2505 recepit
890 2440 1050 2508 laxatamque
1064 2456 1176 2507 pequam

136 2539 170 2549 -
190 2511 269 2574 aiddu
289 2510 404 2578 [Petron.
416 2511 469 2563 Set.
483 2512 535 2565 112
554 2512 621 2563 med.
640 2514 767 2563 cruciarii
782 2512 861 2562 ιιιιιὶιι
876 2520 994 2579 pareutes
1011 2520 1042 2562 ut
1058 2511 1180 2563 aederunt

136 2583 255 2635 laxatam
273 2584 419 2645 custodiam,
437 2585 608 2637 detraxerunt
624 2592 696 2635 nocte
712 2580 877 2650 pendentem}

206 2672 227 2704 e.
247 2654 440 2723 expeditis)
477 2654 504 2708 S.
522 2665 603 2707 unten
622 2670 654 2706 nu
673 2654 702 2706 II.
721 2653 765 2720 36,
786 2653 810 2706 1.
1195 2653 1229 2710 13

206 2729 381 2794 annuemus
399 2727 530 2791 eradit)
567 2725 645 2778 tttclu
662 2729 691 2777 s‘n
708 2728 850 2794 anqustias,
875 2725 929 2777 wia
948 2724 1101 2777 Perizonius
1120 2740 1179 2777 ver·

136 2795 266 2849 muthcte:
286 2798 356 2848 deun
374 2797 446 2851 nicht
464 2799 491 2848 in
510 2797 553 2849 die
572 2806 640 2865 enge
652 2797 759 2865 (legend
778 2796 872 2849 wollte
886 2796 1016 2849 Hannibal
1035 2797 1179 2865 gelangen,

135 2867 250 2920 eandem
268 2868 350 2920 durch
369 2868 487 2923 dissolbe
505 2868 553 2921 uui
568 2870 721 2921 dielloheu.
759 2868 819 2935 Vgl.
830 2868 862 2934 ll,
873 2867 909 2922 65
923 2869 959 2920 in.
978 2869 1056 2921 Finis
1073 2872 1102 2920 s'u
1120 2878 1177 2920 ter-

135 2955 193 2989 ram
207 2940 276 3007 pilis,
295 2959 342 3009 qua
360 2942 465 2993 leniores
482 2942 569 2993 ardua
587 2943 738 3004 eradereut5
766 2938 828 3005 Vll,
856 2939 891 2993 36
910 2942 945 2991 in.
964 2941 1021 2993 Iam
1038 2950 1176 2993 euaserant

134 3011 218 3061 mealia
233 3020 336 3073 castra,·
352 3010 495 3078 XXXVIII,
512 3011 529 3066 2
547 3012 616 3066 med.
634 3017 774 3081 cupientem
791 3015 886 3080 mpsim
899 3013 1008 3064 euadere
1026 3015 1173 3082 sequetem

136 3079 252 3145 XXXIX,
270 3079 305 3133 49
323 3084 358 3134 iu.
377 3083 411 3135 ad
428 3084 569 3137 evadendas
586 3088 733 3153 amansium
749 3082 825 3148 XLV,
844 3081 880 3136 41
899 3085 935 3135 in.

107 3178 110 3183 '
206 3172 317 3238 s’s'sque
340 3173 427 3239 s'pss's
451 3173 543 3238 tum.)
581 3172 606 3225 S.
625 3173 695 3225 oben
714 3189 747 3223 zu
766 3170 795 3223 tl.
815 3171 840 3237 8,
859 3171 884 3224 2.

627 3296 744 3349 XXXIII.

207 3400 299 3453 quum
317 3409 351 3421 -
369 3383 609 3452 conspiciunt)
645 3385 670 3438 S.
691 3385 719 3436 Z.
739 3387 762 3449 ἕ.
782 3383 847 3451 5803
866 3384 961 3436 Weiss.
980 3383 1077 3448 §.45st
1214 3386 1232 3441 2

206 3473 284 3508 arce
304 3482 337 3492 —
355 3454 436 3521 sesa)
472 3452 532 3505 Ara
549 3454 607 3507 hier
625 3472 677 3507 von
697 3456 748 3506 den
757 3454 925 3525 berghohen,
945 3458 998 3508 wie
1018 3453 1177 3509 diessWort

136 3527 206 3579 deun
224 3527 371 3593 uberhaupt
389 3541 442 3579 uon
457 3525 547 3592 jedem
566 3525 650 3577 leston
669 3526 781 3593 Punlute,
808 3527 856 3579 der
881 3525 962 3579 durch
987 3528 1061 3580 scine
1086 3535 1175 3580 nutur-

136 3597 205 3650 lielte
223 3599 288 3650 oder
306 3596 455 3650 kunstliche
473 3596 683 3650 Beschellenlieit
701 3613 747 3648 zur
761 3597 879 3650 Abwehr
897 3598 963 3650 odes
982 3616 1042 3650 zum
1061 3598 1175 3652 Schutze

137 3669 321 3739 dieuugeeugt
333 3668 444 3724 werden
456 3669 536 3720 kann.
556 3668 582 3721 S.
593 3668 614 3735 l,
623 3668 658 3723 33
677 3669 745 3721 med.
774 3670 919 3722 Iam'mslum
936 3688 1030 3739 quoque
1048 3672 1176 3725 muctam

136 3758 186 3793 non
202 3744 289 3810 inrps'u
307 3743 357 3794 locs'
372 3741 417 3793 sed
434 3759 466 3792 me
483 3742 583 3809 quaudo
601 3759 633 3793 ea
651 3758 703 3792 ara
720 3742 828 3792 bostium
845 3750 908 3793 esset
913 3760 924 3805 ,·
941 3741 1047 3810 XXXII,
1064 3741 1100 3798 25
1114 3751 1175 3812 post

136 3813 172 3864 in.
190 3823 261 3865 nacte
277 3821 383 3882 occupat
399 3813 485 3864 collem
508 3815 679 3864 sinminentem
701 3813 762 3864 urbi
782 3811 916 3879 (Larisam
933 3831 989 3866 eam
1014 3831 1101 3866 arcem
1131 3832 1178 3868 aa·

136 3885 217 3950 cant).
254 3883 321 3936 Solu
344 3883 384 3936 ob
408 3885 445 3937 im
473 3881 703 3953 dbcrgetmgcnen
727 3883 799 3950 Siun,
818 3900 841 3935 u.
860 3882 889 3936 B.
908 3884 953 3951 lll,
972 3883 1008 3939 45
1025 3894 1086 3954 post
1104 3886 1173 3937 med.

136 3957 163 4006 ss'
179 3954 344 4006 trs'bum'm'um
361 3957 492 4008 masidam
510 3964 534 4005 et
547 3959 750 4024 provocationem
768 3956 837 4024 plebi
852 3956 987 4020 Romnae,
1012 3958 1077 4009 dues
1101 3974 1174 4010 arces

137 4026 263 4077 libertatis
280 4026 395 4090 tuendas,
414 4027 556 4088 adnudat&
582 4025 626 4093 VI,
645 4026 679 4081 37
699 4034 764 4078 extr.
784 4026 949 4079 Consulatum
966 4046 1096 4098 superesse
1112 4028 1171 4096 ple-

137 4096 215 4149 bes's's:
233 4112 289 4147 earm
305 4112 357 4148 esse
375 4114 461 4149 arcem
478 4099 618 4162 libertatis5
636 4096 718 4164 XXII,
736 4097 772 4151 22
790 4098 857 4150 med.
881 4102 919 4150 cis
936 4099 1060 4152 Hiberum
1083 4106 1171 4151 eastra

136 4167 321 4229 mameae,
339 4184 424 4221 erasm
433 4177 514 4222 tutam
527 4171 723 4239 pmfuydumqne
736 4168 960 4222 amasralentr'bus
979 4187 1035 4232 res;
1053 4167 1173 4235 XXVIII,

136 4238 172 4295 42
188 4245 251 4310 post
266 4237 336 4293 med.
361 4238 450 4294 buret
467 4258 524 4304 sua,
543 4254 638 4294 waren
656 4239 743 4293 Bnuer
759 4241 807 4293 mit
820 4239 937 4295 llnreclit
953 4241 1063 4294 Austoss
1082 4238 1170 4307 nullm,
