2812 4770
503 329 575 397 LIB.
595 326 678 401 m
701 329 786 398 olto.
805 329 859 396 48.
1134 330 1201 396 luo

157 499 254 575 nent,
271 491 832 576 *paucos'1moratorum'occiderunt
859 490 937 555 citra
964 487 1080 554 flumen
1108 488 1205 555 inter-

156 591 286 666 capua.
341 583 445 664 Scipio
477 602 537 647 nec
558 586 762 648 .vexationem
797 580 936 644 vulneris
959 580 991 643 ln
1017 580 1067 645 via
1099 580 1204 644 iactati
1239 587 1256 643 l

154 673 249 737 ultra
276 673 398 753 patiens
429 679 473 735 et·
490 672 644 756 collegam
674 674 755 749 (iam
786 672 867 733 enim
897 676 929 731 ct
959 675 1139 733 revocatum
1163 687 1204 735 ex

166 761 272 828 Sicilia
295 761 460 835 audierat)
482 768 568 824 ratus
597 760 839 842 exspectandum
872 758 990 838 locum,
1024 759 1076 838 qui
1105 776 1202 840 prope

154 851 281 915 -llumeu
309 851 479 913 tutissimus
503 851 620 913 statiuis
644 858 693 913 est
715 851 810 930 visus,
837 847 993 910 delectum
1015 849 1212 910 communiis·
1231 906 1236 915 .

166 939 233 1003 Noc
262 940 388 1020 procul.
404 939 477 1002 Inde
512 939 663 1001 Hannibal
695 957 787 1019 quum
815 935 1027 1016 consedisset,
1057 944 1203 1015 quantum
1238 927 1256 982 8

163 1028 295 1090 victoria
319 1030 458 1108 equestri
481 1028 591 1109 elatus,
622 1036 738 1091 tantum
762 1028 877 1102 anxius,
895 1025 1014 1105 inopia,
1043 1042 1123 1104 quae
1146 1042 1204 1105 per

163 1116 297 1179 hostium
326 1132 419 1198 agros
444 1124 569 1179 euntem
592 1133 742 1198 nusquam
766 1115 956 1198 praeparatis
981 1113 1202 1176 commeatibus

163 1206 262 1270 maior
279 1207 311 1269 in
331 1205 397 1285 dies
412 1205 596 1287 excipiebat,
608 1206 646 1269 ad
654 1205 830 1270 Clastidium
847 1205 960 1285 uicum,
975 1220 1035 1285 quo
1055 1219 1200 1285 magnum
1237 1215 1254 1270 9

159 1416 243 1484 med.3
269 1415 375 1483 XXXII,
393 1417 410 1473 9
429 1426 508 1485 extu,
532 1417 648 1470 mnibus
665 1414 754 1483 XLIV,
772 1415 807 1470 36
825 1424 887 1483 post
904 1415 973 1468 med.
992 1415 1061 1483 (ng.
1080 1413 1148 1467 auch
1166 1428 1200 1467 ιιι

157 1487 314 1555 xxttuus,
333 1488 390 1554 12).
427 1490 462 1543 So
486 1498 544 1558 aagt
568 1488 660 1541 Cicero
686 1491 786 1557 eripere
810 1489 840 1539 de
864 1489 980 1540 maulim
1006 1486 1098 1559 (Vara.
1117 1486 1137 1552 l,
1156 1483 1200 1552 54,

160 1558 227 1697 ffi,
238 1558 350 1697 18,3ι,1111.9ἰ
367 1559 416 1628 283
435 1560 492 1613 Vat
512 1559 555 1628 14,
573 1559 621 1626 34)
641 1560 695 1625 und
712 1578 745 1613 aa
762 1559 878 1613 maulim
897 1558 986 1626 (Verr.
996 1558 1016 1625 Ι,
1035 1557 1062 1626 4,
1076 1558 1108 1626 93
1127 1557 1147 1610 F
1150 1573 1200 1629 atu.

159 1770 204 1840 26,
222 1701 453 1827 gerulorum)
488 1701 515 1757 S.
533 1719 568 1755 au
586 1703 615 1755 Il.
633 1701 677 1769 47,
696 1704 722 1759 3.
759 1700 846 1755 Ueber
862 1704 932 1756 citra
954 1700 1009 1770 vgl.
1029 1700 1099 1755 oben
1117 1693 1199 1753 null.

117 1908 120 1913 ⁴
191 1895 194 1899 ,
230 1862 254 1898 a.
273 1845 544 1913 loviaicctnta')
580 1846 629 1898 Die
648 1847 760 1899 meiaten
779 1843 861 1899 codd.
880 1842 966 1897 haben
985 1847 1112 1909 iactantia
1138 1860 1195 1901 was
1233 1840 1250 1897 'i
1318 1848 1327 1865 ⁸

161 1914 278 1968 ollenbar
296 1916 427 1984 unrichtIg
445 1917 682 1983 ist;·derPut.und
693 1919 762 1977 zwei
777 1917 958 1970 derhasseren
977 1917 1064 1984 geben
1082 1918 1197 1971 iactanti.

162 1984 201 2037 0b
221 1986 284 2039 aben
301 1991 346 2040 eiu
362 1992 460 2041 iactans
478 1988 616 2040 lateinisch
634 1991 682 2054 aei,
702 1989 788 2039 haben
811 1988 932 2040 mehrerc
952 1987 1136 2056 Herausgehen
1154 1988 1201 2039 mit

161 2056 242 2109 Recht
259 2060 286 2110 ln
306 2059 418 2111 Zweilel
444 2075 574 2127 gezogen.
611 2060 685 2111 Auch
711 2059 803 2111 wollte
831 2059 899 2111 doch
922 2059 995 2111 wohl
1015 2059 1104 2126 Scipio
1129 2056 1201 2111 nicht

160 2126 242 2197 bloss,
261 2129 324 2183 weil
343 2131 386 2181 ein
405 2132 564 2196 clossender,
584 2130 699 2182 sondcrn
718 2130 782 2183 weil
797 2128 875 2195 jeder
892 2128 961 2196 Weg
979 2128 1032 2180 ihm
1051 2127 1199 2181 beschwen·

161 2196 214 2250 llch
233 2216 298 2267 wan,
317 2200 388 2252 nicht
406 2203 500 2253 weiter
525 2201 626 2253 zlehen.
663 2199 751 2252 Daher
769 2200 892 2252 verdient
919 2200 962 2250 dle
980 2198 1129 2264 llonjektur
1152 2190 1200 2250 les

157 2267 279 2323 Heinsius
294 2272 594 2339 iactata‘aufgcnommen
610 2287 644 2323 zu
653 2272 770 2324 werden.
797 2268 943 2323 Aehnliclne
953 2268 1197 2337 Verwechslungen

156 2340 208 2392 ‘des
227 2341 295 2393 Part.
314 2342 402 2394 Praes.
421 2342 479 2393 Act.
498 2343 551 2394 und
569 2342 637 2394 Pers.
656 2342 726 2394 Pasa.
747 2343 794 2393 der
812 2349 899 2392 ersten
916 2339 1091 2408 IIonjugation
1111 2339 1199 2391 finden

158 2411 215 2464 sich
238 2413 264 2461 in
293 2412 344 2461 «len
363 2411 444 2463 Codd.
472 2412 543 2464 nicht
570 2413 664 2465 selten.
701 2412 787 2463 Wenn
813 2411 876 2462 aber
894 2408 1198 2477 Baumgarten·Cruaius

177 2496 246 2550 egen
264 2484 360 2534 iactati
376 2482 510 2533 bemerkt:
529 2501 620 2552 coquus
638 2486 760 2545 iaciatur,
779 2484 870 2551 vulnus
888 2483 986 2534 iactari
1003 2485 1050 2533 vie
1068 2480 1147 2544 dicus,
1166 2496 1197 2535 so

157 2498 204 2624 Xat
223 2568 252 2604 er
270 2553 313 2604 die
331 2569 384 2604 von
404 2551 511 2606 Gronov
534 2553 708 2624 angeiuluten
728 2553 827 2607 Stellen
852 2551 925 2605 nicht
946 2551 1082 2605 beachtet:
1105 2550 1199 2621 XXIX,

159 2623 194 2679 32
204 2624 252 2675 ειώ
264 2625 307 2676 fin.
330 2624 377 2677 Ubi
389 2627 501 2694 primum
519 2627 595 2678 doctu
612 2628 725 2678 cicutrt‘e
739 2628 844 2695 potique
858 2642 931 2692 posse
948 2627 1004 2677 eise
1021 2625 1198 2688 iactationem

160 2693 242 2762 XXX,
261 2694 295 2762 19
304 2705 364 2765 post
379 2698 414 2748 in.
432 2715 537 2765 sperans
554 2698 671 2750 lentorem
688 2700 716 2749 t‘n
733 2699 895 2767 mulcatione
912 2714 987 2765 quam
1003 2698 1033 2749 iu
1049 2699 1094 2748 ot'o
1111 2697 1197 2749 iecta-

159 2768 251 2818 lt'onem
269 2768 382 2820 vulneris
399 2769 472 2834 sore3
490 2768 560 2820 Curi.
570 2768 615 2834 Vl,
629 2767 683 2835 1,5
700 2771 864 2821 iactationem
881 2769 1015 2820 vulne-rum
1032 2766 1103 2821 Itucci
1118 2768 1196 2834 suella

158 2838 322 2958 {clarentem
340 2839 443 2892 welche
460 2839 562 2894 Stellcn
580 2841 633 2893 alle
652 2840 703 2892 den
716 2840 855 2893 Ausdruck
871 2841 965 2894 culm
983 2843 1096 2894 iactatur
1113 2837 1197 2892 recht-

170 2911 281 2977 ertigen.
357 2952 360 2957 .
749 2924 751 2929 ·
897 2932 900 2938 ·

230 3007 260 3051 et
278 3001 487 3065 revocatum)
523 3001 558 3054 Et
575 3000 659 3054 haben
680 3002 727 3054 der
744 3002 800 3055 Pul.
819 3003 872 3054 und
891 3003 935 3055 die
953 3001 1078 3056 bessenen
1099 3000 1196 3068 Gonia,

160 3069 187 3120 ln
207 3069 296 3121 vielen
314 3087 368 3122 von
388 3071 438 3122 (len
461 3072 684 3140 jungerenleltlt
706 3086 744 3125 es.
780 3075 836 3126 Iam
855 3102 887 3112 -
907 3083 931 3125 et
948 3074 1086 3126 bedeulet:
1112 3072 1198 3139 „auch

161 3139 271 3192 schon“.
307 3141 368 3208 vgt.
387 3142 481 3208 XXIX,
497 3143 532 3196 23
551 3146 586 3195 iu.
604 3146 658 3195 a'om
675 3147 742 3196 enlm
760 3154 784 3196 et
801 3147 895 3202 nubilis
911 3153 969 3196 erat
986 3149 1065 3214 viryo.
1085 3144 1196 3210 [XXXI,

160 3209 196 3264 45
215 3222 281 3264 extr.
299 3214 352 3264 iata
369 3216 436 3263 enlm
453 3222 478 3263 et
493 3232 585 3282 quecea
600 3217 700 3283 praeda
716 3234 795 3268 nuces
812 3215 955 3281 lucelana]

228 3301 443 3368 excipiebat)
485 3301 591 3370 neapo
620 3321 659 3354 me
689 3304 787 3372 aliquid
812 3304 921 3370 „Etwas
947 3302 1082 3371 empslngt
1106 3302 1192 3355 ιιιίοἰιιι
1229 3305 1247 3358 8

159 3366 223 3438 geht
242 3372 280 3423 ult
297 3374 323 3423 in
343 3372 386 3422 die
397 3371 566 3439 Bedeutung:
585 3373 694 3438 „Etwas
713 3383 838 3427 erwartet
856 3373 942 3426 mich“
962 3375 1027 3426 oder
1045 3373 1105 3440 „ich
1122 3374 1195 3426 finde

158 3441 249 3494 Etwaa
267 3443 336 3513 aor“
353 3442 433 3507 uber,
452 3441 519 3492 doeh
538 3445 585 3493 mit
603 3443 662 3494 dem
677 3443 871 3512 Nebenbegriff,
890 3446 950 3498 dass
969 3443 1194 3513 derGegenstand

159 3512 227 3564 mlch
246 3513 352 3566 Iesthalt
377 3512 441 3564 oder
460 3512 526 3564 auch
545 3514 583 3564 als
603 3516 680 3565 einen
708 3515 760 3566 ihm
780 3515 986 3586 lliugegebenen
1012 3515 1077 3568 oder
1102 3514 1194 3570 Unlcr-

148 3584 296 3636 'worlenen
315 3584 458 3653 gleichsam
482 3585 509 3636 in
534 3584 590 3636 sich
614 3584 759 3652 aufnimmt,
783 3587 810 3637 in
829 3587 966 3655 Anspruch
984 3588 1084 3640 nimmt.
1121 3586 1147 3641 S.
1172 3587 1194 3655 l,

156 3654 191 3709 53
209 3657 244 3708 in.
264 3657 373 3725 Excepit
390 3656 478 3708 Made
496 3673 552 3709 eum
570 3657 663 3709 leutius
686 3676 729 3727 epe
747 3657 853 3721 belluam
877 3658 976 3726 XXIII,
1001 3658 1035 3712 18
1061 3669 1125 3712 extr.
1149 3661 1196 3714 uli

155 3729 266 3794 primum
282 3729 327 3780 sub
342 3728 451 3797 pellibus
468 3728 560 3780 lateri
574 3732 654 3798 coepti
670 3739 736 3795 atat,
747 3732 836 3798 viaque
854 3738 879 3780 et
896 3731 963 3782 aliua
979 3731 1103 3785 utilitum}
1121 3733 1192 3785 labor

156 3802 255 3866 excepit
272 3799 359 3866 (eos)‚·
377 3798 481 3864 XXXII,
499 3800 517 3853 3
536 3801 570 3850 in.
589 3800 618 3851 P.
641 3800 750 3865 Villium,
769 3803 798 3851 ia
815 3801 991 3853 Macedoniam
1008 3818 1084 3871 φιιιιιι
1102 3806 1191 3857 ceam-

155 3877 201 3930 set,
233 3879 311 3921 atrox
341 3872 430 3922 seditio
459 3870 569 3923 militum
594 3901 625 3908 -
650 3875 756 3941 excepit.
803 3871 877 3923 Auch
905 3872 974 3924 ohne
1009 3874 1214 3927 ausdrucklich·

157 3937 324 4007 beigelugtea
348 3941 445 4007 Objclat
476 3944 504 3994 in
535 3943 582 3994 der
609 3941 779 4012 Bedeutung:
807 3943 907 4012 Iolgen.
952 3943 1039 4010 XXV,
1063 3947 1099 4000 23
1123 3944 1191 3997 med.

145 4008 221 4061 Μία
237 4012 342 4063 subinde
358 4030 414 4080 spes
432 4040 464 4051 -
485 4017 590 4082 excepit.
629 4012 715 4081 [Caes.
734 4014 760 4065 h.
784 4030 807 4064 c.
833 4013 927 4082 1,66,
950 4014 969 4068 4
991 4018 1050 4068 inde
1073 4020 1192 4085 eem‘pere

155 4080 212 4131 loeo
228 4095 321 4148 nupera
336 4090 362 4133 et
377 4093 522 4148 montaum
544 4085 578 4137 ib.
597 4084 636 4153 ll,
661 4085 694 4152 7,
717 4085 735 4139 2
759 4103 788 4137 re
810 4089 912 4154 counito
938 4095 1023 4139 tantus
1039 4089 1122 4140 luctus
1140 4105 1190 4139 ex-

155 4151 242 4217 cepta]
279 4151 309 4203 In
328 4151 451 4206 letzteren
468 4155 625 4224 Bedeutung
644 4154 725 4208 ultera
745 4158 792 4207 mit
811 4158 897 4210 cinam
915 4157 987 4209 nicht
1005 4158 1190 4226 personlichen

156 4219 268 4289 Objckte
287 4223 340 4276 wie
359 4223 415 4290 llll,
434 4226 468 4280 13
486 4235 550 4281 extr.
570 4230 716 4285 Orationem
736 4227 812 4281 Tullii
826 4237 981 4302 acceperam
994 4247 1083 4301 preces
1099 4231 1190 4283 multi-
