2812 4770
498 304 570 377 LIB·
591 304 686 376 XXII.
709 304 800 375 chit
817 305 872 373 25.
1125 305 1192 373 tta

154 476 228 562 gine
257 469 408 539 victoriae
437 489 508 536 cum
539 469 717 536 vanioribus
748 469 861 553 litteris
889 464 1031 554 magistri
1054 465 1194 551 equiturn

153 568 283 632 Rornarn
305 564 464 645 perlatam.

244 653 336 717 XXV.
382 653 431 715 De
462 651 500 714 iis
529 649 627 714 rebus
648 665 801 730 persaepe
834 656 867 713 et
900 648 932 710 in
964 653 1076 711 senatu
1105 645 1195 710 etin
1230 650 1247 707 1

158 745 304 810 contione
334 748 436 805 actum
466 747 524 803 est.
571 740 671 813 Quum
694 736 776 801 laeta
805 739 929 802 civitate
960 736 1092 800 dictator
1113 751 1194 798 unus
1229 738 1248 796 2
1360 743 1362 761 ²

158 833 234 897 nihil
257 849 318 894 nee
341 830 442 894 famae
466 845 525 892 nec
542 828 653 891 litteris
677 826 842 908 crederet3
866 835 901 890 ut
921 845 998 890 vera
1022 825 1123 888 omnia
1147 841 1195 887 es-

158 929 238 1004 sent,
271 918 410 997 secunda
439 936 474 982 se
506 917 605 1000 magis
638 934 729 997 quarn
761 915 892 980 adversa
924 917 1035 979 timere
1059 913 1194 977 diceret:

157 1019 221 1077 turn
250 1009 299 1074 M.
324 1007 469 1072 Metellus
497 1006 638 1070 tribunus
660 1005 760 1086 plebis
790 1008 825 1071 tu
850 1008 929 1072 enirn
944 1005 1110 1092 ferendum
1137 1008 1200 1070 eoae
1231 1017 1250 1075 3

156 1107 269 1184 negat:
296 1120 358 1164 non
417 1110 561 1164 oeeouem
579 1098 676 1163 colum
697 1099 871 1164 debiatorem
893 1098 1036 1164 obetitr'eae
1057 1096 1103 1162 tet
1123 1097 1199 1161 bone
1227 1107 1247 1165 4

146 1183 303 1270 'pumice
330 1204 361 1248 ee
409 1183 557 1248 absentem
585 1183 673 1246 etium
698 1183 981 1268 peetueobatoreet
1005 1181 1193 1248 abducendo

157 1452 161 1456 ,
228 1413 252 1452 ι.
278 1396 475 1450 uanioribus
502 1393 656 1462 litteris)
690 1393 933 1464 Derliomparativ
955 1392 1200 1449 beniehteiehaui

156 1469 255 1537 famam
278 1471 394 1536 carruae
418 1469 563 1530 virtutae„
578 1467 611 1519 da
634 1467 704 1520 diese
729 1465 844 1519 Gerticht
867 1466 1004 1535 lngenhait
1029 1468 1094 1520 oder
1120 1464 1197 1535 prah-

158 1538 256 1592 leriseh
273 1554 340 1592 war.
377 1537 477 1604 [Ueber
501 1539 544 1590 die
561 1536 726 1606 Bedeutung,
750 1539 854 1592 welche
877 1538 935 1591 hier
958 1556 1040 1592 ouum
1064 1537 1118 1605 hat,
1141 1537 1196 1606 ugl.

159 1609 232 1680 Virg.
249 1609 316 1663 Aen.
335 1609 368 1677 II,
387 1610 421 1664 79
445 1611 500 1663 Nec
516 1612 542 1662 si
561 1612 683 1662 mirorum
699 1610 818 1663 Fortuna
836 1611 958 1663 Sinonem
974 1610 1074 1674 Finxit,
1101 1626 1198 1662 oenum

160 1685 237 1735 etiam
260 1681 452 1751 mendacemque
474 1681 591 1750 improba
615 1683 706 1750 firtpet3
732 1677 799 1734 GeII.
824 1679 855 1734 lt.
874 1681 906 1735 A.
925 1681 1019 1748 XVIII,
1036 1680 1064 1749 4,
1083 1680 1117 1735 10
1144 1681 1197 1733 Nor

158 1762 245 1806 autem
267 1761 355 1822 postea
380 1771 414 1806 en
431 1750 578 1823 Apollinari
594 1753 729 1805 didicimus
754 1768 854 1806 conoe
877 1755 985 1822 proprie
1002 1753 1060 1805 diei
1080 1769 1139 1816 non,
1164 1759 1195 1811 ut

158 1824 250 1894 eumue
267 1825 368 1888 moeret,
386 1823 535 1892 desipientes
553 1832 600 1877 aut
616 1823 713 1877 hebetes
730 1832 776 1876 aut
793 1827 890 1894 ineptos
908 1824 954 1877 aed
970 1852 1004 1863 -
1018 1824 1153 1877 mendaces
1170 1830 1196 1874 et

158 1896 246 1965 infidos
269 1904 295 2036 οἱ
317 1896 385 1950 leuia
407 1897 547 1966 inaniaque
570 1912 622 1965 pro
645 1896 773 1965 precibus
799 1904 824 1950 et
847 1898 916 1952 cerie
942 1897 1098 1950 minamine
1122 1911 1194 1949 cont-

156 1975 281 2040 portentet.

665 2090 745 2143 XXV.

229 2188 265 2234 ut
284 2201 317 2218 -·-
336 2179 461 2247 esteroi)
497 2180 524 2235 S.
543 2195 576 2232 ιι
594 2179 665 2247 XXI,
681 2179 725 2247 47,
743 2177 768 2235 5.
1233 2176 1252 2234 2

231 2268 317 2336 tum)
352 2267 380 2324 S.
398 2285 431 2321 ιιι
449 2269 518 2336 XXI,
537 2269 581 2336 11,
599 2269 624 2323 8.
1233 2266 1252 2323 3

232 2339 282 2408 [III.
301 2340 479 2408 Metellus)
515 2340 551 2394 So
577 2339 627 2393 fast
652 2339 705 2393 alle
731 2337 813 2392 Codd.
848 2336 897 2392 Bei
915 2338 1038 2393 Plutarch
1056 2337 1120 2392 Feb.
1140 2337 1199 2394 c.8

158 2411 242 2464 heieet
251 2411 298 2463 der
308 2410 404 2463 Tribun
418 2413 532 2464 Metilius
537 2430 547 2476 ;
565 2411 633 2464 diesi
648 2412 682 2464 iet
695 2409 794 2478 jedoch
806 2411 870 2463 hein
888 2410 1091 2465 hinreichender
1101 2408 1199 2475 Grund,

160 2499 205 2535 um
223 2481 291 2535 nach
309 2483 355 2535 dee
374 2482 498 2552 Sigonius
517 2483 689 2552 Vorsohlage,
712 2481 842 2535 welchem
862 2484 904 2535 die
923 2485 1034 2537 rneieten
1053 2484 1200 2552 llerausge·

159 2553 208 2607 her
226 2553 331 2623 gelolgt
347 2555 415 2621 sind,
434 2555 527 2608 diesen
545 2553 646 2607 Numen
665 2553 732 2607 auch
749 2553 794 2607 bei
813 2555 900 2607 Livius
919 2573 952 2607 zu
970 2554 1160 2623 substituimu]
1247 2582 1255 2597 ι’
1348 2539 1351 2547 ’

230 2643 265 2694 id
290 2641 398 2710 enirn)
433 2642 498 2711 „dae
523 2644 563 2696 oei
586 2643 623 2710 je
649 2643 721 2695 nicht
748 2644 946 2697 ausuuhalten.“
989 2646 1068 2698 Enim
1093 2642 1199 2698 benieht

160 2712 216 2768 eich
234 2713 282 2766 aui
297 2713 349 2766 den
367 2729 414 2767 aue
433 2715 481 2766 der
498 2730 603 2783 genuen
622 2714 750 2770 situation
775 2715 831 2768 sich
849 2717 1018 2784 ergebenden
1038 2714 1198 2770 Gelankem

159 2785 229 2839 Ietzt
246 2794 334 2838 misse
353 2799 383 2838 er
401 2784 469 2838 doch
487 2787 533 2839 dae
552 2786 629 2838 Wort
647 2786 795 2855 ergreifen3
824 2787 893 2839 denn
912 2797 961 2840 etc.
999 2786 1029 2840 In
1048 2787 1197 2842 ihnlichem

160 2856 388 2925 Zuanmmenhang
405 2856 475 2909 steht
492 2862 619 2911 enimvero
645 2858 689 2911 bei
708 2857 801 2911 Cicero
820 2858 895 2912 Verr.
914 2858 934 2927 I,
953 2859 998 2927 26,
1016 2860 1050 2914 66
1077 2861 1128 2914 Hic
1146 2869 1201 2913 tum

161 2929 228 2981 aliut
244 2947 277 2981 ea
295 2930 350 2982 alia
365 2937 455 2998 porte.-
474 2932 602 2982 euirnoero
619 2931 755 2995 ferendum
772 2933 817 2986 too
834 2949 885 2984 nou
903 2940 955 2983 ert:
972 2941 1077 2985 nocetur
1095 2933 1196 2985 mulier.

161 2999 196 3052 So
215 2999 286 3052 eteht
303 3002 372 3052 enim
396 2998 457 3052 sehr
481 2999 570 3069 ha‘ulig
593 3000 734 3069 elliptisch,
759 3001 905 3056 hecoudere
928 3003 996 3055 nach
1018 3003 1201 3056 rhetorischen

160 3069 274 3138 Fragor,
299 3085 345 3123 wo
364 3072 414 3123 wir
433 3085 461 3122 ee
481 3071 563 3138 durch
590 3072 726 3139 „vereteht
744 3073 808 3139 rich,
832 3074 921 3125 denn“
949 3075 1014 3125 oder
1040 3074 1199 3141 „naturlich

161 3140 248 3192 denn“
274 3140 464 3210 wledergehen
492 3142 607 3195 honneur.
650 3142 710 3212 llgl.
736 3142 792 3207 vll,
815 3144 851 3197 32
869 3153 934 3196 extr.
962 3145 1026 3195 Fuit
1051 3161 1128 3212 quum
1153 3146 1199 3197 boc

160 3213 215 3265 dici
227 3220 343 3280 poterat.-
355 3216 485 3289 patriciue
503 3218 571 3266 enirn
587 3229 663 3277 eror,·
689 3211 735 3280 III,
753 3213 788 3267 39
807 3224 872 3265 extr.
896 3215 977 3268 Ouium
993 3215 1036 3265 iili
1048 3224 1138 3281 parter
1156 3232 1199 3265 es·-

159 3292 222 3346 cent‚
240 3287 363 3406 ropitorg
388 3284 545 3353 Populares?
563 3285 633 3350 Quid
648 3287 717 3336 enim
734 3302 774 3335 eos
790 3302 837 3353 per
852 3287 971 3354 populum
989 3283 1088 3353 episse?
1105 3282 1199 3350 XXXI,

161 3353 244 3408 'iouh
263 3355 307 3406 fin.
362 3372 408 3408 aec
431 3373 475 3409 roe
493 3384 525 3392 —
544 3373 667 3408 mamurra
684 3360 713 3407 in
735 3357 786 3422 fide
807 3356 932 3409 creditu?
957 3363 1105 3407 moruerunt
1131 3359 1200 3407 curin

159 3425 256 3478 Punico
279 3435 368 3494 postea
386 3427 461 3488 beilo,·
487 3426 594 3492 XXXII,
612 3426 646 3479 21
665 3426 713 3479 sub
732 3426 776 3477 fin.
803 3425 848 3478 An
866 3429 919 3495 ipsi
940 3429 1034 3477 nostrt'e
1057 3428 1141 3477 armis
1165 3425 1198 3478 ab

158 3497 227 3550 burte
244 3496 362 3550 Romano
379 3499 521 3551 tutabimur
543 3497 629 3559 urbes,
656 3514 721 3566 quae
747 3495 982 3566 oppupnubuntur?
1009 3499 1107 3565 eprepie
1131 3501 1199 3550 enim

159 3568 254 3636 Dymae
269 3572 360 3637 priore
376 3570 439 3622 bello
456 3585 542 3620 sumus
560 3570 645 3619 tutati.
682 3568 732 3619 Die
749 3567 847 3620 beiden
866 3568 964 3620 letzten
975 3566 1076 3619 Stellcn
1095 3568 1203 3636 neigen,

158 3642 212 3691 wie
231 3640 305 3693 dieue
322 3640 559 3694 Auedrucheweise
577 3639 637 3690 dem
656 3637 733 3707 Spott
750 3639 805 3690 und
823 3640 870 3692 der
888 3638 976 3690 Ironie
1001 3639 1098 3691 dienen
1117 3639 1197 3693 hann.

159 3709 185 3765 S.
205 3710 274 3763 oben
293 3727 326 3762 ιιι
345 3710 374 3763 Κ.
394 3712 420 3775 3,
439 3711 494 3778 10.]
1204 3748 1208 3754 -

228 3792 342 3849 portae
368 3783 525 3849 obstare)
560 3780 769 3834 nimlichirrto
789 3781 847 3834 Iern
866 3780 1002 3848 ertuohe,
1030 3781 1135 3836 ihr‘rlic
1154 3798 1199 3852 ge·
1235 3779 1255 3837 4

160 3849 253 3920 horige
277 3852 476 3922 Anerhennung
494 3869 528 3905 ιιι
546 3853 694 3906 entziehen.
731 3852 792 3922 ugr.
811 3853 832 3920 I,
851 3852 886 3906 26
904 3862 964 3921 poet
981 3855 1018 3905 in.
1054 3851 1139 3908 Atrea
1156 3859 1201 3908 oi-

160 3937 215 3971 rum
232 3922 261 3973 id
276 3923 382 3987 facinus
400 3925 521 3978 Patribus
536 3925 660 3994 plebique,
678 3924 723 3977 sed
739 3943 826 3977 reeens
842 3928 963 3977 meritum
980 3926 1050 3991 facto
1068 3926 1182 3978 obstabat
1191 3943 1203 3989 ,·

160 3988 193 4056 II,
211 3991 247 4046 33
265 4000 331 4044 extr.
349 4011 398 4048 tua
411 3996 491 4061 ¹letarde
508 3997 603 4049 obstitit
618 3998 704 4064 famae
721 3996 831 4050 consulit
850 3995 979 4061 aarum
1002 3995 1066 4051 Sall.
1081 3994 1136 4049 (iat.
1156 3995 1200 4063 52,

160 4060 194 4116 31
218 4061 339 4116 Videlicet
355 4074 441 4118 cetera
457 4069 514 4120 rita
531 4085 619 4120 eorum
636 4069 696 4122 huic
712 4068 805 4121 sceleri
821 4067 908 4120 obstat.

232 4137 265 4187 in
291 4134 433 4189 ducendo
459 4137 545 4191 bebio
564 4167 597 4177 -
616 4147 635 4191 t.
662 4138 791 4205 terere)
827 4138 927 4192 Ducere
952 4139 1042 4193 bellum
1070 4137 1199 4192 bedentet

159 4205 214 4261 wie
238 4205 341 4264 trabere
364 4206 455 4264 bobun
475 4207 546 4278 „den
563 4207 646 4278 Krieg
662 4208 691 4261 in
709 4208 754 4278 die
772 4208 862 4281 linge
885 4209 1007 4267 uehunt
1029 4208 1085 4271 ,An
1103 4211 1132 4265 in
1149 4223 1200 4269 vor.
