2812 4770
228 325 295 393 288
626 324 716 393 nur
733 322 873 393 mil-3·-
909 324 915 345 ⁷

228 487 336 571 primis
354 486 464 552 ltaliae
480 486 608 570 'fertilim
631 486 755 552 Etrusci
783 489 892 570 campi,
925 487 978 569 qui
1009 487 1157 552 llaesulas
1183 489 1267 556 inter

177 588 200 627 ι’
229 577 451 659 Aureliumqne
474 578 592 658 iacent,
617 576 763 640 frumenti
792 596 828 640 aa
851 579 975 659 pecoris
998 585 1031 641 et
1053 580 1190 642 omnium
1214 597 1267 644 co·

175 670 195 727 4
230 669 281 750 pia
309 669 415 731 rerum
442 667 590 748 opulenti.
643 667 757 730 Consul
789 667 882 733 ferox
904 667 942 729 ab
971 667 1133 731 consulatu
1161 670 1267 751 priore

230 765 263 820 et
285 774 349 820 non
369 755 462 818 modo
490 755 596 838 legum
625 763 678 818 aut
700 756 823 819 Petrum
846 757 1015 819 maiestatis
1043 756 1101 819 sed
1122 775 1163 820 ne
1193 758 1267 823 deo·

230 865 299 910 rum
331 844 457 926 quidem
485 847 559 908 satis
583 852 735 908 metuens.
783 846 868 908 Hanc
895 846 1017 908 insitam
1041 847 1167 928 ingenio
1198 848 1266 910 eins

85 1004 94 1015 ,
182 944 187 989 t
229 936 437 998 temeritatem
465 932 589 997 fortuna
622 950 773 1015 prospero
796 934 938 998 civilibus
961 933 1145 1016 bellicisque
1170 935 1266 1000 rebus

177 1036 195 1093 5
229 1018 380 1088 successu
403 1023 534 1089 aluerat.
580 1023 687 1104 ltaque
718 1023 793 1087 satis
822 1022 989 1105 apparebat
1020 1041 1080 1086 nec
1109 1024 1186 1089 deos
1208 1043 1266 1088 nec

229 1113 371 1177 homines
394 1113 609 1177 consulentem
632 1112 783 1177 ferociter
806 1114 907 1177 omnia
931 1131 967 1176 ac
986 1128 1197 1195 praepropere
1216 1131 1267 1177 aes

227 1207 342 1266 turum.
389 1206 520 1284 Quoque
542 1202 673 1285 pronior
694 1209 780 1265 esset
802 1202 833 1265 in
855 1203 929 1264 vitia
952 1219 1024 1283 sua,
1048 1202 1168 1286 agitare
1192 1221 1265 1267 eum

173 1295 194 1352 6
229 1299 323 1373 atque
345 1292 471 1354 irritare
493 1292 615 1354 Poenus
637 1298 742 1374 parat,
772 1298 804 1354 et
832 1291 921 1355 laeva
943 1291 1055 1355 relicto
1078 1293 1169 1357 hoste
1191 1293 1267 1356 Fae·

230 1380 316 1444 sulas
343 1388 454 1463 petens
482 1381 586 1444 medio
614 1380 758 1444 Etruriae
789 1399 866 1464 agro
895 1380 1076 1464 praedatum
1108 1381 1267 1464 profectus

229 1478 376 1552 quantam
398 1471 562 1533 maximam
593 1471 768 1534 vastitatem
795 1476 899 1551 potest
930 1470 1078 1534 caedibus
1101 1469 1267 1535 incendiis·

104 1610 108 1617 .
174 1563 193 1618 't
229 1576 292 1641 que
316 1560 438 1622 consuli
458 1560 569 1641 procul
597 1560 741 1623 ostendit.
788 1559 971 1641 Flaminius,
1005 1560 1058 1641 qui
1090 1579 1130 1624 ne
1162 1562 1266 1642 quieto

229 1648 355 1730 quidem
377 1649 467 1711 hoste
490 1650 558 1732 ipse
581 1650 743 1730 quieturus
768 1657 846 1729 erat,
879 1655 942 1711 tum
974 1667 1071 1732 vero,
1102 1657 1265 1732 postquam

228 1753 281 1800 res
305 1738 462 1801 sociorum
485 1745 556 1801 ante
580 1738 689 1802 oculos
717 1756 816 1821 prope
839 1755 913 1802 suos
936 1738 1015 1803 ferri
1040 1741 1154 1823 agique
1178 1739 1263 1820 vidit,

227 1879 451 1894 Μ

133 1998 136 2004 .
232 1950 266 2004 16
284 1951 333 2020 im,
358 1949 464 2018 XXXV,
481 1948 517 2006 28
535 1950 585 2018 im,
603 1947 668 2018 XLl,
686 1948 703 2004 -t
721 1950 804 2017 med.;
825 1951 1016 2020 percunctando
1034 1951 1099 2004 oder
1114 1949 1268 2007 ausurum

180 2041 202 2075 ·.
230 2027 337 2093 eccequi
361 2022 427 2075 oder
454 2021 523 2075 auch
547 2025 652 2090 eccequi
676 2021 768 2088 allelu,
796 2022 924 2075 nacbdem
951 2022 1032 2076 sehon
1058 2039 1182 2091 quaerere
1208 2035 1268 2074 vor-

233 2108 423 2162 ausgegangen
441 2095 483 2160 ist,
501 2111 522 2148 a.
543 2094 588 2160 IX,
606 2095 624 2148 3
642 2102 722 2162 extr.3
750 2093 830 2160 XXV,
848 2094 883 2148 29
902 2102 983 2161 extu,
1010 2092 1115 2160 XXXV,
1134 2092 1169 2146 14
1187 2101 1266 2158 extr,

196 2186 199 2192 ·
228 2167 348 2235 persequi
364 2167 507 2234 quaereudo
531 2165 576 2232 lll,
596 2165 632 2221 20
649 2164 697 2233 in.)
720 2165 834 2218 bedient
850 2165 907 2220 sich
925 2166 979 2218 Liv.
1000 2165 1047 2231 olt,
1070 2181 1113 2223 um
1136 2165 1179 2217 ein
1204 2164 1267 2214 lort—

228 2245 361 2361 gggmzffi?
389 2237 455 2289 oder
478 2251 566 2306 genau
584 2237 631 2290 aul
655 2237 708 2290 den
727 2235 894 2306 Gegenstand
913 2234 1094 2306 eingehendeu
1111 2235 1216 2304 Fragen
1234 2251 1268 2287 au

283 2323 323 2361 etc
361 2322 402 2361 en.

176 2379 195 2433 3
262 2430 265 2434 ,
299 2383 334 2435 io
347 2382 471 2448 primis
487 2381 527 2433 lt.
544 2380 702 2448 fertilis)
729 2379 865 2448 „eineder
880 2379 1099 2436 iruehtbarsten“.
1127 2376 1180 2431 Cic.
1191 2376 1265 2432 Verr.

229 2449 264 2518 Il,
282 2449 318 2513 35
335 2453 370 2509 iu.
389 2453 454 2520 quod
471 2450 618 2520 (oppidum)
636 2453 726 2518 suerat
742 2454 771 2505 iu
791 2453 883 2520 prieur
902 2451 1008 2504 scottice
1026 2452 1127 2503 olorum
1144 2459 1169 2502 et
1186 2465 1267 2502 cruo-

230 2531 299 2587 tum
316 2522 351 2579 ib.
361 2523 396 2577 36
406 2525 441 2575 in.
459 2532 488 2574 ut
506 2526 535 2575 in
549 2524 801 2592 priutioSiculnrum
816 2527 845 2574 iu
862 2522 970 2577 diseretio
987 2525 1102 2591 copiosus
1120 2530 1172 2584 cst‚·
1189 2519 1265 2573 Font.

230 2593 266 2649 14
284 2603 350 2647 extr.
377 2593 567 2649 ucudellorunt
592 2595 760 2663 ponendorum
783 2596 812 2644 in
835 2595 929 2660 primis
947 2610 1035 2645 eorum
1051 2594 1193 2654 bominum,
1216 2592 1268 2659 'qui

229 2682 298 2719 nuuc
315 2675 382 2728 suut,
402 2667 564 2717 coarctemus.
602 2664 662 2732 Vgl.
682 2663 749 2716 auch
766 2680 824 2716 cum
837 2665 940 2730 mimis,
958 2680 982 2715 u.
991 2662 1021 2715 B.
1040 2661 1093 2715 Cic.
1108 2663 1166 2714 Div.
1184 2663 1206 2728 1,
1224 2661 1269 2727 32,

231 2736 267 2793 68
285 2737 312 2788 6.
331 2737 470 2804 Coponium
487 2736 522 2789 ud
539 2739 678 2788 deuenisse
692 2752 793 2786 -curu
805 2736 902 2802 prinu
915 2734 1041 2787 bominem
1054 2734 1206 2802 prudentem
1224 2742 1268 2784 ct-

230 2824 278 2876 quc
296 2807 409 2868 ductuum
427 2805 502 2856 Verr.
523 2804 556 2871 ll,
573 2806 617 2870 28,
636 2805 679 2858 68.

302 2876 470 2927 Faesulas
488 2879 578 2926 iuter
595 2873 850 2942 Arretiumque)
885 2873 1022 2926 DicseArt
1037 2874 1268 2940 dordnastrophe,

231 2945 275 2999 bei
293 2945 419 3010 welcher,
437 2960 518 2997 wenn
537 2948 606 2997 zwci
625 2945 792 2998 substantive
816 2961 868 2997 von
888 2945 935 2996 der
953 2945 1119 3012 Prdposition
1138 2947 1206 2997 inter
1225 2944 1268 2996 ab·

190 3038 193 3069 ;
231 3017 345 3087 bingen,
372 3016 445 3068 diere
464 3015 532 3068 nach
550 3017 610 3068 dem
630 3025 718 3070 ersten
738 3025 840 3084 gesctzt
858 3016 935 3083 wird,
955 3016 1036 3069 findet
1054 3016 1109 3068 sich
1124 3015 1269 3069 besonders

230 3088 275 3141 bei
295 3088 398 3140 Tacitus
417 3087 506 3141 bitere.
537 3087 569 3141 Ι6.
588 3087 717 3153 Αιιιι.·Ν,
737 3087 773 3142 50
793 3088 898 3141 Tarsum
920 3091 990 3139 inter
1007 3097 1032 3139 et
1052 3088 1180 3151 Turesim
1205 3087 1268 3140 ibid.

231 3159 268 3215 59
284 3176 357 3211 mure
375 3158 544 3212 Amuclauum
561 3162 631 3212 inter
650 3167 675 3211 et
692 3159 830 3212 Fundanos
847 3169 958 3222 montem
985 3159 1020 3213 lb.
1040 3160 1074 3214 69
1094 3169 1186 3213 tectum
1203 3163 1270 3210 uiator

229 3241 256 3285 et
273 3233 417 3300 loquacem,
435 3230 488 3282 und
507 3245 537 3283 so
554 3231 625 3283 noch
644 3247 677 3283 an
696 3230 835 3283 mehrereu
854 3230 969 3298 Stellen3
989 3230 1058 3283 doch
1076 3231 1143 3283 auch
1161 3230 1204 3283 bei
1223 3228 1270 3281 cu·

230 3319 275 3356 sar
292 3302 317 3354 h.
327 3319 359 3354 ·c.
378 3303 423 3369 lll,
442 3304 459 3357 6
477 3303 666 3355 Cerauniorum
682 3319 751 3357 saco
766 3305 836 3355 iuter
853 3304 950 3356 etalio
965 3302 1022 3355 loco
1035 3304 1192 3372 periculoso.
1219 3300 1267 3352 Bei

230 3373 358 3443 Liv.-vpl.
377 3374 447 3426 noch
464 3373 582 3440 XXVlll,
602 3373 637 3428 14
653 3383 714 3442 post
732 3375 767 3427 in.
793 3391 852 3443 quos
870 3377 940 3427 inter
963 3375 1024 3427 delli
1040 3390 1119 3429 ceusu
1135 3380 1204 3425 emet.
1241 3370 1268 3423 S.

232 3447 261 3499 Z.
281 3449 305 3512 §-
324 3445 391 3515 3243
411 3446 470 3499 Sch.
490 3463 515 3514 p.
534 3444 600 3514 6533
622 3445 707 3499 Madv.
727 3450 750 3510 §-
769 3446 830 3500 469.
848 3447 880 3498 Α.
900 3447 924 3499 1.

178 3516 197 3574 4
303 3519 362 3586 [ud
388 3536 469 3571 cons.
493 3518 562 3587 pr.)
598 3532 669 3584 „von
697 3520 796 3570 seinem
824 3527 912 3570 ersten
932 3515 1073 3568 lionsnlate
1097 3511 1171 3565 lrer⁴‘.
1208 3510 1270 3562 llier

232 3590 296 3643 illast
314 3589 370 3644 sicb
388 3591 436 3642 das
454 3589 576 3642 zeitlicbo
601 3589 655 3641 und
682 3590 728 3642 das
751 3588 915 3642 ursdcblicbe
933 3586 1096 3639 Verlrttltnisu
1120 3581 1193 3634 nicht
1217 3596 1270 3635 ron

232 3663 359 3714 einander
378 3670 499 3714 trennen.
535 3660 596 3728 Vgl.
615 3660 652 3712 Ζ.Ι
663 3664 687 3724 §-
706 3658 922 3725 obtundebat

299 3750 362 3785 uou
378 3735 466 3787 modo
484 3763 517 3772 —-
535 3733 592 3784 sed
607 3749 646 3784 ne
663 3733 687 3784 d.
706 3730 855 3800 quidem)
890 3729 916 3784 S.
936 3727 965 3779 Z.
984 3728 1008 3792 §-
1027 3724 1088 3792 724,
1107 3725 1139 3794 b,
1159 3725 1219 3780 sch.
1239 3741 1265 3796 p.

231 3801 295 3871 627,
317 3803 402 3855 lladu.
421 3807 444 3867 9.
462 3803 525 3871 461,
544 3803 576 3870 b3
596 3811 676 3855 unten
696 3802 725 3855 ll.
743 3801 787 3867 98,
805 3799 831 3855 5.

179 3875 197 3930 6
302 3874 616 3944 nedioEtr.upro)
651 3873 678 3926 S.
696 3889 730 3924 zu
748 3872 817 3936 xxi,
835 3871 881 3937 38,
897 3871 923 3924 6.

303 3954 457 4016 quantum
474 3963 555 3998 mnu.
574 3965 597 3998 c.
614 3944 740 4013 potest)
776 3942 802 3994 S.
821 3959 854 3994 uu
872 3942 942 4009 xxl,
959 3939 1004 4007 41,
1021 3939 1047 3994 4.

179 4017 197 4073 7
246 4044 248 4051 ·
305 4017 502 4086 [quieturus
520 4016 616 4082 erat)
651 4014 677 4068 S.
696 4013 780 4067 Vada.
799 4012 958 4079 §.348,a.]

304 4098 370 4140 tum
387 4087 486 4152 uero)
521 4086 581 4154 Vgl.
600 4102 634 4138 uu
652 4082 722 4152 xxi,
742 4085 785 4151 11,
802 4084 821 4137 8
838 4100 864 4136 u.
883 4083 910 4137 4.

302 4160 397 4226 seura·
412 4158 553 4226 upiq'ua)
588 4157 665 4224 Eine,
682 4158 736 4209 wie
755 4171 783 4208 es
801 4154 913 4221 scheint,
931 4170 985 4208 von
1004 4152 1196 4209 dendriechen
1214 4161 1269 4227 ent-

233 4229 323 4287 tellure
338 4229 508 4296 diedeweite,
524 4228 569 4282 die
586 4227 771 4297 utaprdnqliclr
788 4226 929 4282 bedentet:
953 4226 1077 4284 Belebteu
1096 4226 1271 4298 (mgedeuut
