2812 4770
529 323 600 389 LIB.
623 322 703 391 XXI.
735 325 820 395 chr.
847 326 898 392 10.
1174 323 1217 390 et

183 482 322 548 Vrcerunt
342 501 413 565 erpo
434 480 480 544 dii
497 480 703 566 nominaque,-
725 493 751 546 et
770 483 805 546 id
824 483 861 546 de
881 503 939 568 quo
959 481 1056 546 cabis
1077 480 1212 567 ambipe-
1247 484 1265 543 9

178 568 276 641 batur,
296 576 362 629 uter
375 564 511 650 populus
523 563 635 648 foedus
653 567 790 651 rupisset,
804 577 920 631 euentus
934 565 1003 630 belli
1017 566 1094 630 uelut
1104 587 1217 664 aequus

75 726 80 733 ,
178 651 279 724 isidem,
300 648 379 711 unde
399 649 447 712 ius
466 649 571 724 stabat,
593 649 621 712 ei
639 649 795 714 victoriam
812 651 900 714 dedit.
947 647 1121 734 Cartbapim
1136 670 1215 713 nunc
1233 666 1268 721 10
1290 717 1295 727 ,

175 730 334 796 Hannibal
365 732 467 795 uineas
499 742 653 816 turresque
686 733 835 807 admouet;
877 730 1064 817 Cartbapinis
1097 733 1216 796 maenia

176 817 269 902 punit
289 815 388 879 ariete.
446 812 576 901 Sapnrcti
606 815 713 880 ruinae
747 813 863 900 (foleus
893 818 1009 880 utinam
1035 826 1115 879 cates
1141 816 1213 900 um)

173 899 283 963 nocuis
295 897 441 982 capitibus
455 899 591 976 incident,
603 911 826 984 susceptumque
841 921 909 963 aum
923 899 1096 984 Sapuutinis
1106 898 1215 961 bellum

174 981 342 1045 babendum
363 1002 431 1042 cum
450 981 599 1045 Romanis
620 991 669 1046 est.
711 981 866 1047 Debemus
895 1003 964 1067 erpo
986 972 1263 1044 Hannibalembhl

174 1066 249 1129 dicet
276 1063 394 1148 aliquis.
450 1061 521 1127 Scio
549 1085 649 1128 meam
677 1065 768 1129 leuem
800 1087 860 1131 esse
890 1068 923 1129 in
948 1086 981 1129 eo
1007 1065 1211 1127 auctoritatem

170 1157 296 1294 propter
312 1157 457 1231 paternas
476 1148 654 1214 inimicitias,
700 1147 763 1212 Sed
777 1159 803 1213 et
815 1148 1025 1212 Hamilcarem
1046 1168 1079 1212 eo
1096 1147 1212 1231 perisse

185 1241 399 1305 cauturium,
427 1231 521 1314 quod,
549 1231 644 1294 siitle
669 1233 793 1307 uiueret,
819 1232 927 1295 bellum
952 1234 1017 1294 iam
1036 1229 1213 1293 haberemus

173 1336 241 1377 cum
260 1313 410 1376 Romanis
431 1325 456 1376 et
476 1313 553 1376 Itunc
579 1315 713 1379 iuuenem
733 1326 887 1400 tamquam
910 1312 1033 1397 finiam
1052 1316 1213 1398 facemque

171 1523 300 1593 Vertregc
329 1525 377 1577 dcr
404 1526 500 1577 homer
529 1525 581 1577 und
610 1527 841 1595 Karthaginienser
870 1526 1054 1579 ausdrfiehlich
1088 1523 1210 1577 bemerht
1262 1552 1266 1557 ·

170 1612 240 1663 war,
255 1594 364 1661 lactere
382 1596 479 1649 solltcn
497 1598 552 1648 sich
570 1599 642 1650 nieht
660 1601 687 1650 iu
707 1601 749 1650 die
767 1598 1013 1667 Angclegenheiten
1032 1597 1138 1649 Italicus
1162 1597 1209 1647 mi·

169 1666 355 1806 fflxxiil'
374 1685 421 1719 zur
439 1667 523 1722 siche
542 1670 596 1720 Liv.
609 1671 678 1738 Epir.
689 1670 761 1740 xlv3
781 1671 847 1723 dher
864 1673 945 1723 idest
963 1679 1044 1721 unten
1062 1668 1144 1734 111111,
1162 1667 1207 1733 34,

334 1776 342 1805 ‚
360 1740 377 1794 3
396 1742 430 1790 in.
449 1742 515 1793 hanc
531 1740 640 1807 (leyen)
658 1751 687 1793 nt
703 1743 834 1811 obrepens,
853 1743 933 1793 idest
959 1751 989 1793 nt
1005 1759 1083 1793 unam
1101 1741 1207 1792 tollendo

262 1819 359 1863 ceterns
376 1814 526 1876 infirmam
551 1811 619 1877 XLI,
645 1812 680 1866 23
703 1822 768 1864 extr.
793 1817 902 1882 copitare
920 1814 997 1874 iubet,
1015 1830 1062 1881 quo
1085 1812 1154 1863 modo
1177 1813 1206 1861 in

167 1898 184 1933 r
212 1882 219 1897 ⁰
268 1899 292 1934 m
308 1883 354 1935 boc
371 1900 474 1934 munere
492 1901 542 1934 non
559 1901 681 1951 emamus,
699 1885 745 1936 hoc
762 1894 797 1936 est
823 1894 852 1936 ut
870 1886 1065 1951 decretumque
1082 1891 1205 1934 arceatur

167 1952 328 2022 Peloponneso
345 1953 501 2018 Macedones,
518 1955 632 2006 tollamus
654 1964 699 2007 etc.
739 1955 777 2006 hn
796 1955 950 2023 Fulgendcu
976 1954 1070 2022 gehdrt
1095 1954 1137 2006 die
1156 1951 1206 2004 Ne·

168 2026 258 2091 gution
277 2023 348 2076 nicht
365 2024 437 2078 blcss
457 2041 490 2076 nu
508 2027 717 2089 abstinueramus,
735 2027 850 2079 scndcru
869 2026 936 2078 auch
954 2043 987 2076 nu
1007 2026 1066 2077 dem
1084 2027 1132 2076 mit
1149 2024 1203 2076 die-

167 2110 223 2148 sem
247 2093 362 2149 Verbum
391 2097 634 2164 engvcrbundenen
664 2116 696 2149 ea
716 2099 828 2164 foedere.
874 2098 917 2150 Ea
945 2099 1046 2163 saedere
1076 2097 1204 2148 abstinere

167 2166 333 2220 uereohmitzt
360 2169 387 2219 in
406 2169 483 2220 einen
501 2167 608 2236 Begrdi,
636 2170 683 2222 der
708 2168 790 2221 durch
806 2187 857 2222 non
874 2171 995 2221 verueint
1021 2168 1097 2221 wird.
1143 2165 1204 2235 ugt.

167 2237 260 2305 xxv1,
277 2237 312 2292 21
331 2247 395 2291 extr.
414 2243 542 2292 exercitus
559 2240 688 2294 Rmnrn
704 2245 795 2303 iratus,
823 2240 889 2309 quod
905 2257 962 2291 mem
982 2242 1134 2308 imperatore
1155 2254 1204 2290 non

166 2311 280 2363 devatn
297 2328 330 2363 ea
345 2314 480 2380 prouincia
503 2321 579 2379 esset3
606 2311 656 2378 111,
680 2313 715 2365 36
734 2318 798 2365 extr.
817 2321 846 2364 ut
860 2313 1014 2380 paeniteret,
1035 2328 1086 2363 uon
1105 2310 1203 2378 prioris

165 2381 263 2434 decreto
279 2384 383 2438 stetisse.

236 2455 287 2506 dii
307 2452 536 2521 hominesque)
572 2455 623 2506 dii.-
649 2455 766 2507 inscieru
786 2454 858 2505 diese
877 2453 959 2505 durch
978 2453 1020 2505 die
1039 2451 1201 2518 Verletzung
1236 2447 1255 2504 9

166 2522 356 2593 ἀει-1111111131
376 2525 504 2592 beleidigt
522 2541 621 2578 waren.

235 2597 270 2649 id
291 2597 327 2649 de
350 2612 409 2666 qno
432 2616 456 2650 a.
482 2597 580 2665 amb.)
616 2599 669 2650 Liv.
693 2598 738 2649 hat
757 2606 826 2650 etwa
845 2599 880 2649 im
899 2597 963 2650 Sinu
982 2595 1092 2663 gehebt:
1117 2594 1145 2644 id
1170 2593 1200 2644 de

165 2682 212 2736 quo
229 2667 313 2720 uerbis
330 2668 509 2736 ambipebatur,
526 2678 589 2720 uter,
599 2671 705 2738 populus
727 2670 815 2735 foedus
832 2673 954 2738 rupisset,
980 2687 1009 2721 re
1032 2667 1200 2721 diiudicatum

164 2747 209 2801 est,
226 2747 288 2791 statt
305 2739 352 2790 der
369 2738 461 2791 Warte
479 2759 509 2792 re
526 2741 694 2792 diiudicatum
711 2751 748 2792 est
768 2741 831 2792 aber
849 2742 893 2793 die
912 2741 963 2792 den
976 2740 1040 2793 sinn
1059 2736 1201 2791 derselben

166 2825 284 2877 gensuer
308 2810 488 2878 darlegenden
516 2823 619 2864 euentus
642 2814 701 2864 detti
725 2822 770 2865 etc.
796 2821 913 2880 gesetzt,
942 2810 1070 2864 wodurch
1094 2824 1124 2860 er
1147 2822 1201 2860 uon

165 2882 224 2933 dem
249 2881 456 2950 regelmdssigen
476 2881 581 2935 Schluss
607 2883 747 2950 abgcfuhrt
772 2885 882 2936 worden
906 2887 946 2935 ist.
990 2883 1048 2951 vgt.
1073 2881 1142 2932 oben
1167 2895 1201 2931 uu

163 2953 194 3005 11.
212 2955 238 3019 3,
258 2953 284 3006 1.
321 2952 473 3018 [Einsacher
491 2953 592 3006 scheint
611 2970 647 3020 es,
666 2957 694 3007 id
711 2957 741 3006 de
759 2973 806 3024 quo
824 2972 892 3023 ganz
910 2958 937 3005 iu
957 2953 1096 3006 dersehben
1109 2950 1199 3002 Weise

164 3026 218 3077 wie
237 3024 400 3076 anderwu'rts
418 3026 447 3076 id
463 3026 527 3093 quod
544 3043 575 3075 zu
601 3026 695 3092 iasseu,
719 3043 749 3077 so
769 3028 827 3078 dass
846 3028 874 3078 id
891 3029 965 3093 iunig
984 3029 1030 3077 mit
1053 3024 1118 3092 quod
1141 3038 1199 3074 ver-

164 3095 270 3147 bunden
293 3111 346 3147 von
365 3096 412 3147 der
430 3095 616 3148 Konstruhtiou
636 3099 682 3149 des
702 3098 872 3165 hauptsatzcs
892 3098 963 3148 nicht
987 3095 1095 3148 berithrt
1120 3095 1197 3147 wird.

163 3166 224 3235 vgt.
243 3165 286 3232 Vl,
306 3165 339 3219 17
358 3177 418 3234 post
436 3167 503 3218 med.
523 3186 599 3236 quum
616 3172 729 3230 remisso,
747 3170 776 3220 id
792 3170 857 3238 quod
873 3172 989 3236 erepturi
1006 3176 1087 3227 eraut,
1104 3184 1136 3216 en
1154 3184 1197 3216 se-

161 3248 238 3290 natus
255 3239 364 3289 comulto
383 3239 496 3290 Manlius
513 3240 604 3291 vinetis
622 3241 762 3302 liberatur;
781 3240 843 3306 Z.§.
863 3241 929 3305 3713
949 3239 1034 3290 Madv.
1054 3242 1077 3301 ξ.
1091 3235 1152 3288 315.
1171 3235 1197 3286 h.

164 3307 269 3362 Souach
287 3308 344 3360 sind
370 3309 412 3360 dic
437 3309 543 3360 Worte:
572 3311 601 3360 id
628 3312 659 3360 de
683 3329 730 3378 quo
754 3310 838 3362 cerdis
860 3311 1035 3377 ambipebatur
1057 3309 1111 3359 wie
1136 3307 1196 3356 eine

161 3379 321 3431 Parenthese
339 3396 372 3431 uu
391 3380 553 3445 batrachum,
571 3379 674 3431 welche
695 3382 730 3444 (s.
750 3389 829 3432 uuten
849 3399 881 3432 zu
895 3382 923 3432 Κ.
939 3379 982 3444 57,
994 3379 1025 3444 4)
1039 3380 1098 3428 dem
1111 3376 1197 3441 Satue,

162 3452 210 3502 aui
225 3451 275 3502 den
295 3452 333 3503 eie
348 3450 403 3502 sich
413 3450 525 3516 bezieht,
545 3451 775 3517 voraufgeschicht
793 3455 833 3503 ist.
870 3451 923 3502 Fur
936 3453 978 3502 die
992 3451 1078 3516 Frage
1093 3456 1195 3499 uter-

160 3524 269 3590 rnpisset
286 3531 479 3575 erwurtetmau
489 3538 543 3573 nun
563 3522 706 3589 otlerdings
724 3522 792 3572 noch
802 3522 845 3573 bei
863 3531 966 3575 euentus
979 3523 1025 3574 das
1039 3518 1197 3587 regierende

162 3591 277 3644 Verbum
295 3609 319 3644 n.
336 3592 366 3644 B.
385 3595 551 3656 diiudicarit;
569 3594 602 3644 da
622 3593 685 3645 aber
704 3594 798 3645 dessen
816 3592 918 3663 Begrid
932 3596 959 3644 in
979 3594 1027 3645 der
1038 3592 1195 3659 Appositiorr

160 3682 255 3733 monus
271 3665 349 3716 iudea
368 3664 582 3733 eingeschlossen
602 3665 681 3732 hugi,
706 3680 737 3718 so
756 3665 856 3717 honnte
876 3667 962 3717 Livius
988 3665 1047 3717 dem
1072 3662 1195 3716 Schlussc

160 3735 208 3786 der
226 3734 338 3787 Perinde
356 3737 416 3788 eine
435 3737 530 3788 freiere
549 3736 690 3804 Wendung
712 3737 816 3804 geben,
840 3738 929 3789 iridem
954 3752 984 3788 er
1007 3734 1127 3803 segleich
1151 3732 1194 3785 die

158 3805 207 3858 Art
225 3806 276 3858 und
295 3806 384 3859 Weiss
404 3807 451 3859 der
468 3808 666 3876 Entseheidung
683 3808 766 3860 nither
784 3808 975 3875 bezeichnete.]

229 3881 358 3930 nostris
375 3895 441 3948 cop.
460 3880 638 3945 incident)
674 3879 727 3931 Der
746 3880 824 3932 Dativ
841 3880 885 3932 bei
903 3881 1016 3933 incidere
1035 3879 1116 3930 findet
1134 3875 1190 3930 sich
1210 3873 1245 3929 10

160 3946 198 3999 oft
215 3948 258 3999 bei
277 3948 331 4002 Liv.
350 3951 377 4001 in
395 3949 601 4002 verschiedenen
619 3949 810 4019 Bedeutuugen
830 3951 876 4003 des
894 3951 992 4004 Worrs.
1028 3949 1087 4018 Vgl.
1106 3947 1139 4015 11,
1158 3946 1192 4001 et

158 4019 186 4070 in
212 4021 290 4084 [Quod
311 4021 356 4072 ndi
380 4025 424 4073 cui
448 4023 527 4074 militi
551 4023 685 4085 incideret,
713 4023 766 4073 und
790 4022 883 4074 ebend.
903 4023 1037 4075 Certamen
1053 4020 1194 4074 coeuntibus
1228 4020 1234 4027 ”

156 4092 300 4156 inciderat3
318 4091 352 4142 ib.
372 4091 407 4146 65
425 4101 489 4145 extr.
507 4096 600 4146 castris
617 4095 746 4156 incidere‚·
770 4093 820 4160 111,
845 4094 881 4148 24
903 4103 963 4163 post
988 4094 1056 4146 med.
1081 4092 1194 4144 incidens

153 4164 301 4232 principum
317 4162 432 4228 scribam
453 4163 547 4232 XXIV,
569 4165 612 4232 39,
631 4163 648 4220 5
665 4168 722 4218 ciri
736 4167 845 4218 mortuis
866 4167 1020 4230 incidentes,·
1043 4162 1135 4230 XXVI,
1154 4161 1189 4218 39

156 4240 223 4287 extr.
253 4233 390 4289 incidentes
418 4239 576 4309 semiapertis
601 4245 737 4309 portarum
763 4237 878 4306 [emim
905 4235 1029 4306 xxvtu,
1061 4234 1096 4293 1³
1124 4241 1189 4288 extr.
