2812 4770
209 296 288 364 264
540 350 544 356 .
617 292 702 363 llll
715 237 842 360 'less-

169 514 171 519 ⁴
219 457 296 524 tudo
317 464 435 524 tantum
457 456 514 523 sed
527 453 699 540 agrestium
722 454 825 537 otiam,
849 469 927 536 quos
946 453 979 517 in
996 452 1100 536 aliqua
1122 469 1179 518 sua
1196 453 1262 520 for-

168 552 187 611 9
221 556 296 614 tuna
313 547 436 630 publica
454 564 579 629 quoque
598 543 798 628 contingebat
816 561 902 607 cura.
938 544 1015 606 'lum
1034 543 1261 608 lectisternium

222 655 283 721 per
318 637 455 700 triduum
485 635 623 699 habiturn
657 632 843 697 decemviris
874 649 1035 696 sacrorum
1070 632 1260 700 curantibus.

224 725 289 794 Sex
306 725 478 808 pulvinaria
495 725 528 787 in
547 730 718 805 conspectu
735 723 872 804 fuerunt,
891 721 955 785 lovi
973 739 1010 784 ac
1029 721 1139 786 lunoni
1155 740 1261 808 unum,

223 814 355 879 alterurn
381 815 524 896 Neptuno
548 831 585 876 ac
607 812 782 891 Minervae,
810 810 935 874 tertium
962 809 1052 874 Marti
1075 828 1112 873 ac
1134 811 1261 896 Veneri,

222 909 366 986 quartum
388 902 525 984 Apollini
548 920 585 965 ac
607 902 736 983 Dianae,
756 900 895 982 quintum
913 898 1052 962 Vulcano
1075 917 1113 963 ac
1134 900 1261 986 Vestae,

169 996 207 1073 10
224 1000 347 1058 sextum
370 990 527 1055 Mercurio
557 997 590 1054 et
612 989 730 1054 Cereri.
776 989 853 1052 'lum
878 987 974 1051 aedes
997 995 1100 1053 votae.
1145 988 1263 1055 Veneri

168 1076 170 1115 ³
221 1081 376 1165 Erycinae
400 1080 510 1144 aedem
533 1081 570 1155 Q.
593 1079 705 1144 Fabius
727 1078 880 1142 Maximus
912 1076 1045 1141 dictator
1065 1078 1166 1154 vovit,
1190 1080 1263 1160 quia

220 1172 266 1235 ita
288 1187 330 1233 ex
352 1169 497 1233 fatalibus
519 1168 607 1233 libris
631 1169 746 1232 editum
776 1174 860 1247 erat,
887 1173 923 1229 ut
945 1168 971 1230 is
1003 1174 1144 1248 ¹voveret,
1173 1170 1262 1232 cuius

222 1259 390 1324 maximum
416 1259 579 1341 imperium
610 1258 643 1320 in
672 1258 796 1322 civitate
828 1262 923 1319 esset.
970 1254 1067 1320 Menti
1097 1254 1207 1320 aedom
1225 1258 1260 1322 Τ.

225 1347 375 1412 Otacilius
397 1354 524 1430 praetor
545 1347 639 1411 vovit.
1244 1355 1246 1357 ·

169 1469 187 1528 1
301 1454 353 1519 XI.
393 1454 438 1519 lta
459 1449 555 1519 rebus
588 1446 698 1519 divims
720 1453 856 1537 peractis
884 1426 948 1517 tum
978 1450 1017 1516 de
1048 1413 1133 1516 bello
1162 1470 1262 1536 reque

223 1542 263 1608 (le
285 1543 409 1626 publica
432 1543 564 1608 dictator
582 1544 710 1626 rettulit,
729 1543 841 1628 quibus
863 1550 980 1625 quotve
998 1541 1176 1626 legionibus
1198 1543 1263 1608 vic-

294 1757 329 1808 a'o
346 1756 387 1808 ot.
405 1773 466 1810 suc
483 1753 646 1824 fortene)
681 1751 769 1808 Uober
786 1755 816 1807 e’n
832 1769 854 1808 a.
874 1751 942 1808 oben
961 1769 995 1806 zu
1012 1752 1085 1822 XXl,
1102 1754 1146 1822 39,
1164 1755 1190 1812 3.
1219 1756 1260 1810 Za

223 1829 331 1896 fartam
347 1827 402 1895 vgl.
421 1826 443 1894 l,
459 1827 495 1883 42
515 1835 580 1880 extr.
608 1829 678 1878 tuter
694 1826 791 1894 quados
809 1827 941 1897 attentatis
963 1828 1147 1897 fortunatam&
1172 1826 1208 1881 ib.
1227 1827 1263 1884 ot

223 1899 293 1958 med.
311 1916 391 1968 neque
408 1901 436 1952 e'n
452 1900 559 1967 fertone
575 1897 799 1966 comparendum
815 1896 834 1962 (
847 1898 979 1966 amquam)
996 1898 1141 1967 relinquere
1158 1902 1264 1964 stettein

222 1961 312 2037 11,14
330 1969 398 2022 med.
417 1972 639 2038 auctiefcrttuaoe
656 1964 836 2038 reya'uecXXI
861 1967 959 2034 ,lim
984 1972 1115 2039 palumbes
1130 1987 1222 2039 ⁸uectore
1238 1980 1264 2025 et

223 2042 347 2110 fortunam
373 2038 450 2108 XLV,
468 2038 503 2095 32
522 2047 582 2108 post
599 2042 635 2093 in.
660 2040 817 2109 praedivites
834 2040 890 2104 atta
918 2040 974 2103 clit',
1001 2057 1060 2109 quos
1082 2042 1192 2108 fortuna
1214 2059 1264 2096 non

225 2113 436 2181 ceqacreotln'e
452 2108 593 2181 sirmatibus
607 2128 702 2180 parem
728 2114 809 2163 untc'n
832 2111 862 2163 ll.
881 2109 924 2177 41,
943 2111 960 2165 6
978 2119 1066 2167 eostre
1087 2112 1165 2182 pleae
1182 2116 1264 2166 omnis

223 2184 345 2251 fortunae
358 2183 479 2252 pubb‘cce
494 2186 660 2253 privataeque
666 2201 676 2247 ,-
694 2180 781 2251 Quint.
800 2181 863 2235 Inst.
882 2181 927 2248 vl,
937 2182 963 2251 1,
981 2181 1016 2236 50
1034 2184 1157 2253 qaam'de
1174 2202 1283 2255 neces--

226 2255 335 2307 etudine
352 2255 434 2306 multra
457 2255 572 2317 dictaret,
599 2255 629 2307 de
655 2255 762 2322 sarturae
787 2269 892 2324 quoque,
920 2270 971 2324 quc
987 2262 1093 2325 aterque
1110 2255 1263 2321 abundabat,

174 2346 178 2352 ·
224 2325 327 2377 aciem.
356 2324 434 2378 Sonat
452 2327 486 2377 ist
505 2325 552 2378 der
562 2325 651 2378 Plural
669 2326 791 2393 fortunae
807 2326 835 2376 in
854 2325 954 2378 diesem
965 2324 1046 2378 Sinus
1065 2325 1192 2394 hauliger.
1224 2326 1263 2380 lm

223 2395 379 2464 folgenden
406 2395 452 2448 bat
471 2394 579 2450 Gronov
598 2397 675 2459 ¹alme
703 2396 879 2465 geuugenden
904 2395 993 2448 Grund
1018 2397 1061 2450 alic
1079 2398 1169 2450 Lesart
1197 2397 1263 2451 aller

223 2464 306 2521 Godd.
322 2468 426 2536 publica
443 2469 491 2520 mit
513 2469 630 2538 puttam
652 2467 813 2531 vertauscbt,
839 2469 927 2521 warin
951 2467 1011 2535 ihm¹
1030 2476 1134 2537 sputere
1152 2468 1264 2522 Heraus·

226 2537 309 2605 geber
328 2538 431 2607 gefolgt
449 2539 515 2592 sind.
546 2539 655 2592 Publice
663 2556 728 2591 cora
745 2540 780 2591 ist
789 2538 874 2607 Serge
892 2538 935 2590 fur
951 2538 996 2592 das
1007 2539 1264 2608 allgemeineWobl,

212 2609 278 2669 'nia
297 2608 330 2675 11,
348 2608 383 2662 41
401 2613 437 2661 in.
453 2611 557 2679 publica
573 2611 723 2672 sollicitudo,
739 2610 794 2661 und
814 2610 861 2660 der
880 2610 990 2660 weitere
1001 2609 1075 2676 Sion,
1094 2611 1145 2664 den
1160 2613 1264 2680 publiea

224 2698 292 2733 mma
309 2678 362 2747 hat,
383 2680 421 2733 ala
435 2682 554 2749 patbla'ccc
571 2684 691 2748 fortunae
708 2697 773 2732 curo
791 2680 834 2731 die
853 2678 938 2746 Surge
965 2679 1007 2730 fur
1034 2680 1086 2732 den
1103 2681 1263 2734 chlstand

228 2752 294 2803 oder
311 2750 399 2803 Besitr
426 2751 473 2804 des
491 2751 603 2819 Staates,
620 2750 707 2803 macht
733 2749 792 2802 bier
808 2749 930 2802 Ersterea
958 2749 1027 2801 ncclr
1047 2764 1262 2818 angemessener.

225 2821 287 2888 Vgl.
307 2820 373 2873 auch
391 2830 473 2872 unten
492 2822 521 2874 ll.
540 2823 584 2889 33,
602 2822 619 2876 6
637 2840 668 2873 ne
686 2821 822 2889 lonqinquo
839 2820 939 2888 quidem
955 2819 1066 2888 (curo)‚·
1090 2819 1182 2888 XXIV,
1200 2822 1226 2887 4,
1244 2823 1264 2879 4

226 2888 373 2944 convertere
391 2891 426 2941 ad
438 2891 567 2958 publicam
581 2894 689 2960 privata
706 2907 804 2942 euram.

172 2963 190 3018 9
294 2960 515 3030 pulvinaria)
551 2962 577 3015 S.
596 2978 630 3012 zu
648 2959 717 3026 XXI,
736 2960 780 3028 62,
798 2960 824 3014 8.

172 3032 208 3088 10
298 3031 437 3099 [editum
455 3032 550 3099 erat)
584 3031 637 3084 Der
646 3031 703 3084 Put.
712 3030 767 3082 und
786 3031 829 3083 die
846 3030 959 3084 meiaten
969 3029 1051 3085 codd.
1070 3033 1181 3088 edictam
1198 3045 1263 3091 erat.

223 3102 306 3156 Beide
324 3102 428 3154 Wbrtcr
446 3102 505 3155 sind
522 3104 550 3154 in
570 3102 620 3155 den
639 3101 783 3154 llandschr.
802 3102 891 3172 haulig
909 3105 957 3156 mit
978 3105 1104 3158 einander
1127 3108 1264 3162 verwecb·

226 3174 291 3242 selt3
319 3189 349 3228 so
368 3173 437 3227 steht
455 3190 478 3224 z.
496 3171 525 3223 Β.
544 3173 610 3224 kara
635 3172 734 3227 verber
753 3174 790 3240 (ξ.
809 3174 840 3241 8)
859 3176 888 3226 in
906 3174 1045 3229 mebreren
1063 3175 1146 3231 eodo.
1164 3181 1263 3250 cappla·-

226 3250 295 3299 eeta‘o
313 3247 389 3297 edita.
425 3243 486 3311 Vgl.
505 3261 539 3296 zu
556 3244 626 3312 XXl,
644 3245 689 3312 62,
707 3243 738 3312 ῖς
756 3245 1019 3313 undxt11,2met.
1034 3267 1173 3321 parentque
1190 3255 1264 3306 mum

222 3321 280 3388 peti
292 3315 489 3384 precationibus,
516 3318 562 3385 qua·
577 3317 642 3369 estat
657 3335 690 3369 ee
716 3317 842 3385 fatalibus
860 3319 935 3371 libris
958 3329 1047 3384 essem,
1072 3323 1177 3390 plaeae't.
1213 3323 1263 3374 Dio

225 3387 333 3438 warte:
360 3394 389 3437 at
406 3388 430 3436 ιε
447 3396 557 3450 voveret,
575 3391 649 3440 auiae
667 3416 701 3428 -
720 3398 784 3441 esset
807 3389 927 3457 gabbren
955 3393 1015 3445 dem
1033 3391 1135 3444 lababo
1154 3393 1202 3443 der
1219 3392 1263 3443 bei

226 3458 313 3510 dieser
338 3454 512 3526 Gelegenbeit
536 3458 690 3512 erbaltenen
717 3460 922 3528 Sibylliniaeben
940 3462 1122 3516 vorschritten
1147 3478 1189 3514 an.
1225 3461 1262 3515 So

225 3529 393 3582 bestimmten
423 3529 489 3582 auch
516 3530 559 3582 die
577 3530 783 3585 Marcianischen
801 3532 1011 3602 Weiasagungen
1039 3533 1091 3584 den
1114 3531 1261 3599 Magistrat,

169 3648 172 3660 .
223 3599 345 3666 ,walaber
372 3601 415 3652 dic
433 3601 663 3669 Apollinarischen
682 3603 772 3673 Spiele
796 3619 830 3655 au
853 3604 933 3657 leiten
959 3603 1037 3656 baba.
1073 3601 1100 3656 S.
1119 3601 1200 3670 XXV,
1218 3602 1261 3670 12,

225 3671 280 3798 1125
279 3672 316 3724 la'e
334 3671 401 3724 lodie
424 3674 551 3811 fulciendis
571 3677 688 3744 precem
710 3683 818 3745 praeter·
834 3675 867 3739 t'a,
892 3676 940 3744 qua‘
954 3676 995 3728 ιἰιι
1018 3674 1109 3744 populo
1130 3673 1263 3746 plebeique

281 3746 303 3797 ἐι
319 3760 450 3798 mmmmm.

698 3868 743 3922 XI.

174 3971 190 4028 1
298 3974 382 4043 tom)
417 3972 445 4030 S.
463 3974 533 4027 oben
551 3990 585 4029 au
602 3973 672 4043 XXl,
691 3973 777 4043 11,8t

295 4063 396 4116 reque
418 4047 455 4098 de
473 4046 631 4115 putttoa)
666 4044 726 4114 vgr.
745 4053 825 4100 auten
843 4061 877 4100 uu
895 4045 924 4100 ll.
942 4045 988 4116 26,
1006 4046 1031 4102 7.

232 4178 234 4183 ,
298 4116 618 4188 [collateratum
652 4116 741 4171 Durclr
758 4136 789 4173 ee
805 4118 876 4173 wird
893 4118 966 4172 nicht
983 4120 1069 4175 selten
1087 4118 1263 4176 Versclaic·

227 4186 329 4243 denes
355 4189 384 4242 in
402 4188 462 4242 dam
480 4187 561 4244 simo
580 4190 742 4247 aneinandar
767 4189 885 4262 garaiht,
904 4191 969 4256 dass
986 4191 1068 4251 Eines
1092 4193 1139 4251 das
1156 4193 1263 4287 Audsfo
