2812 4770
221 307 289 375 tet
632 306 710 379 'llll
737 307 828 378 hl'lss

224 484 381 555 mmmpme
400 465 506 533 caetm‘e
527 477 649 567 opomet
665 467 845 532 cunctamini
863 487 900 532 aa
918 461 1059 543 menan:
1078 487 1174 554 qaam
1192 462 1267 533 ma·

224 570 309 626 nera,
341 558 440 614 canna
459 560 553 615 tetam
572 551 667 616 armis
687 571 801 616 nectem
822 561 876 628 eet,
908 561 940 616 et·
955 561 1055 614 caetra
1074 561 1101 616 et
1121 573 1213 616 arma
1236 561 1267 617 et

171 633 514 718 montepenoerio
541 632 626 701 hosti.
668 633 737 720 qu
762 654 823 698 non
842 632 939 720 maala
965 634 1037 699 iotae
1060 634 1267 712 retinendae,

223 716 333 782 Patres
363 716 530 802 aonomn'pti,
558 737 671 798 censeo,
701 738 795 803 qnam
824 717 891 781 illos
912 717 1060 781 dedendos
1080 716 1265 796 Hannibali,

224 799 279 886 qni
294 819 352 885 per
371 799 485 864 mediae
504 797 600 864 hostes
627 821 642 865 e
667 801 773 865 caetris
798 809 959 886 nnpnnnt
979 821 1015 864 ac
1032 821 1090 886 per
1108 820 1266 866 mmmam

137 950 139 957 s
223 882 363 948 virtatem
381 903 412 948 ae
430 883 766 968 pattiaanaatitnmmnt.

171 997 188 1056 1
317 988 398 1053 LXI.
443 989 607 1072 Postquam
635 988 767 1054 Manlius
799 987 892 1072 dixit,
921 1007 1107 1072 quantquem
1128 990 1264 1057 ,Petrum

223 1095 349 1164 quoque
371 1077 540 1161 plerosque
564 1079 675 1161 captivi
699 1078 885 1163 cognatione
908 1079 1107 1164 attingebant,
1132 1088 1265 1162 praeter

224 1167 400 1250 exemplum
429 1168 561 1231 civitatis
583 1169 708 1230 minime
731 1169 763 1230 in
786 1169 923 1249 captivos
945 1169 1006 1232 iem
1029 1167 1102 1232 inde
1126 1169 1262 1251 antiqui·

224 1265 275 1326 tus
298 1257 498 1341 indulgentis,
521 1257 674 1339 pecuniae
699 1275 824 1338 quoque
848 1274 966 1320 summe
987 1258 1130 1321 homines
1153 1260 1263 1342 movit,

170 1365 189 1423 2
226 1364 286 1430 qua
308 1363 369 1410 nee
392 1347 546 1409 aerarium
571 1347 738 1409 exhaurire
761 1364 872 1430 magne
894 1347 955 1410 iem
978 1363 1098 1410 surnma
1126 1355 1261 1433 erogata

223 1437 256 1500 in
278 1451 388 1500 servos
411 1434 450 1498 ed
473 1435 611 1499 militiam
635 1434 784 1509 emendos
813 1434 1040 1518 armandosque
1063 1454 1123 1500 neo
1145 1436 1265 1503 Hanni·

222 1524 325 1589 halem
347 1525 480 1588 maxime
502 1524 633 1589 huiusce
651 1525 715 1605 rei,
738 1531 773 1587 ut
795 1523 875 1588 fama
899 1532 975 1604 eret,
1001 1532 1147 1609 egentem
1172 1525 1264 1590 loeu-

170 1615 189 1672 3
223 1613 336 1697 pletori
352 1612 509 1677 volebant.
548 1615 648 1688 Quum
666 1614 756 1684 triste
771 1628 964 1695 responsum,
978 1631 1042 1676 non
1058 1613 1169 1678 redimi
1189 1632 1265 1696 onp-

223 1704 314 1784 tivos,
338 1701 493 1765 redditum
517 1710 611 1782 esset,
631 1699 793 1784 novusque
816 1719 912 1784 super
933 1710 1075 1766 veterem
1093 1704 1196 1767 luotus
1215 1710 1267 1769 tot

224 1791 343 1854 iectura
367 1791 479 1853 civium
503 1789 642 1853 adiectus
662 1798 756 1871 esset,
776 1809 846 1877 eum
865 1793 985 1876 magnis
1004 1791 1128 1856 fletibus
1146 1792 1267 1873 questi-

171 1891 191 1950 4
225 1879 283 1942 bus
306 1879 427 1962 legatos
450 1877 490 1942 ad
516 1886 636 1960 portam
659 1881 819 1960 prosecuti
841 1888 922 1944 sunt.
974 1880 1060 1944 Unus
1083 1896 1125 1944 ex
1146 1880 1185 1944 iis
1209 1880 1267 1944 do·

225 1986 309 2031 mum
333 1967 417 2047 abiit,
441 1967 525 2049 quod
553 1966 657 2032 fallaci
679 1968 783 2031 reditu
805 1969 838 2032 in
866 1976 968 2033 castra
996 1968 1197 2033 iureiurando
1227 1984 1267 2034 se

226 2056 423 2122 exsolvisset.
470 2055 560 2132 Quod
588 2056 640 2120 ubi
667 2058 799 2121 innotuit
821 2056 1025 2140 'relatumque
1054 2058 1093 2121 ad
1121 2060 1267 2123 senatum

226 2156 284 2229 est,
309 2162 418 2209 omnes
450 2153 641 2210 censuerunt
668 2146 994 2229 comprehendendum
1023 2154 1055 2210 et
1083 2146 1267 2211 custodibus

59 2243 61 2246 ⁴
171 2239 190 2300 5
223 2237 348 2319 publice
372 2235 450 2299 detis
473 2235 688 2299 deducendum
721 2235 760 2299 ed
782 2235 984 2300 Hannibalem
1008 2253 1088 2300 esse.
1143 2236 1200 2300 Est
1231 2243 1267 2301 et

225 2327 286 2390 alie
319 2325 358 2389 de
388 2325 517 2407 captivis
548 2324 644 2389 fame:
679 2325 789 2388 decem
820 2327 937 2408 primos
966 2326 1110 2390 venisse:
1144 2325 1183 2388 de
1217 2324 1266 2389 eis

157 2597 159 2602 ,
224 2538 359 2603 clausulis,
376 2554 453 2608 mmm
470 2537 612 2602 attulimus,
630 2555 695 2608 qaae
712 2537 786 2591 ealle
803 2555 957 2592 commonere
971 2546 1081 2609 poseant.
1120 2537 1201 2606 Saepe
1217 2539 1267 2592 in-

223 2613 336 2682 elianaiia
353 2612 508 2679 exprimitur
524 2612 676 2679 oppositione
693 2612 736 2662 rai
756 2613 802 2663 ain
828 2610 984 2663 credibilis“.
1020 2609 1059 2662 Im
1079 2607 1266 2662 Grieehischen

225 2683 295 2809 stght
318 2682 468 2820 i112](liesem
487 2682 567 2735 Sinna
586 2675 650 2734 εἶτα.
687 2681 714 2736 S.
732 2679 828 2734 Buttm.
853 2684 876 2746 ἓ.
897 2680 956 2748 149,
983 2680 1031 2748 193
1056 2680 1158 2749 Krttger
1176 2683 1201 2745 ξ.
1221 2679 1268 2750 69,

299 2824 430 2890 tutari)
466 2822 493 2877 S.
512 2839 545 2875 mr
565 2822 634 2888 XXI,
658 2823 700 2889 11,
720 2824 743 2876 1.
772 2823 837 2890 [Der
860 2822 983 2876 Weehsel
1001 2823 1047 2876 des
1066 2821 1217 2877 Ausdrueks
1236 2822 1266 2876 in

223 2903 320 2963 oportet
344 2894 398 2947 und
425 2911 524 2946 necesse
550 2902 587 2946 est
612 2895 646 2946 ist
669 2894 741 2946 nieht
765 2895 947 2963 gleiahgtiltig.
989 2896 1031 2948 An
1064 2895 1124 2947 dem
1140 2891 1265 2947 Auslelle

226 2965 301 3020 Theil
319 2982 351 3018 zu
369 2964 483 3017 nehmen
501 2964 648 3017 erforderte
667 2966 711 3017 die
729 2965 831 3033 Ehre3
851 2966 897 3019 das
916 2967 1001 3035 Lnger
1019 2983 1051 3019 zu
1070 2964 1268 3035 vertheidigen,

225 3053 256 3092 eo
275 3036 354 3107 lange
373 3052 433 3089 man
451 3036 553 3089 Wallen
571 3037 599 3089 in
617 3037 670 3089 den
687 3035 798 3090 thden
817 3038 870 3106 hat,
889 3037 1007 3107 gehietet
1025 3038 1069 3091 die
1087 3035 1219 3104 Natum]

688 3161 751 3215 LXI.

174 3271 191 3327 1
297 3271 363 3323 iam
389 3269 464 3323 inla
490 3267 703 3339 antiquitas)
739 3269 764 3322 d.
784 3270 800 3321 i.
819 3270 871 3321 iam
888 3269 949 3323 inde
966 3270 997 3323 ah
1021 3270 1127 3341 antiqno
1144 3276 1264 3340 tenpore

225 3339 301 3396 Eheu
320 3357 350 3396 so
369 3341 414 3409 lx,
431 3340 466 3396 29
486 3349 565 3409 extr.;
584 3339 701 3407 XXXIV,
719 3340 753 3395 27
773 3349 838 3393 extr.

172 3430 191 3488 2
297 3430 397 3502 [qnaJ
431 3430 507 3483 Diess
526 3431 560 3482 ist
578 3430 621 3482 die
639 3429 731 3482 Lesart
749 3430 884 3483 mehrerer
898 3429 1031 3499 jungerer
1050 3429 1143 3498 eota,
1159 3429 1268 3484 welche

226 3503 275 3557 der
292 3505 339 3557 dee
358 3503 415 3556 eun
434 3520 509 3573 qaam
522 3501 665 3567 jedenlells
683 3502 766 3555 ather
785 3501 854 3555 steht
872 3501 910 3554 als
929 3502 973 3555 die
990 3501 1106 3572 Vulgate
1124 3502 1206 3572 quta]

296 3576 338 3629 ad
353 3572 531 3641 militiam)
567 3572 593 3626 S.
612 3590 646 3625 ru
664 3573 694 3625 Κ.
713 3573 757 3641 13,
775 3573 800 3628 9.

299 3647 486 3699 enhanrire
505 3673 536 3682 —
557 3645 784 3715 locupletari)
819 3645 880 3715 Vgl.
899 3661 933 3697 ru
950 3643 1020 3712 xxl,
1038 3645 1082 3712 38,
1101 3645 1125 3700 6.

174 3716 193 3773 3
298 3720 400 3770 triste
418 3714 634 3785 responsum)
670 3715 696 3769 S.
715 3732 749 3768 zu
766 3717 835 3784 XXI,
854 3717 897 3783 12,
915 3716 941 3771 4.

298 3787 462 3853 [fletibus
488 3787 683 3856 questibus)
719 3786 891 3842 Gewtthnlieh
914 3789 939 3856 ll.
966 3788 1158 3858 aestimatam
1185 3786 1269 3842 allelu

226 3873 273 3929 qua
291 3856 358 3910 fehlt
374 3860 410 3910 im
420 3859 489 3925 Pus,
506 3858 559 3910 und
578 3859 606 3909 in
624 3859 710 3921 einero
730 3859 777 3912 der
795 3859 920 3913 bosseret
940 3856 1022 3912 eom.
1040 3861 1075 3913 ist
1093 3875 1122 3913 es
1140 3868 1196 3913 eret
1212 3875 1269 3914 ron

226 3936 346 3999 speterer
363 3929 437 3981 Hand
455 3930 661 3999 nachgetragen.
697 3931 745 3983 Die
763 3931 903 3999 Emphase,
922 3931 1026 3984 welche
1045 3932 1091 3984 das
1109 3931 1268 3998 Aeyndeton

226 4000 353 4068 bewirkt,
375 4002 410 4054 ist
432 4017 466 4054 an
484 4002 572 4056 dieser
590 4002 673 4056 Stelle
696 4001 827 4056 durehaus
852 4001 925 4054 nicht
948 4018 1166 4072 unnngemessen.
1203 4001 1267 4071 Vgl.

226 4072 307 4142 XXV,
327 4071 370 4141 14,
389 4073 407 4128 9
433 4077 510 4127 etima
528 4091 589 4145 qaas
607 4077 677 4128 ciret
698 4069 802 4143 sanauit
820 4074 955 4139 mereret,
972 4084 1002 4128 at
1018 4079 1090 4129 intra
1106 4075 1202 4129 callum
1218 4074 1269 4129 ta·

226 4147 304 4200 etim
319 4145 447 4211 caderent,
465 4146 629 4213 atalantam
646 4145 798 4200 eusserdem
816 4146 885 4199 oben
903 4162 937 4199 ru
954 4145 984 4200 lh
1002 4147 1046 4215 29,
1064 4146 1117 4216 11.]

174 4232 193 4290 h
299 4233 423 4303 [lacem
438 4234 565 4307 primae
582 4235 736 4308 canisae)
759 4235 835 4295 Diese
853 4236 926 4293 kann
943 4235 1016 4293 nicht
1033 4236 1140 4296 heisten
1158 4242 1268 4308 ,rueret
