2812 4770
149 665 173 725 ,4

152 1017 170 1074 5

156 3001 176 3058 4

203 477 339 560 nequis
367 481 493 541 senator
521 473 612 540 cuive
644 485 772 543 senator
799 484 890 560 pater
921 475 1033 544 luisset
1060 478 1244 549 maritimam

206 586 333 650 nauem,
358 584 437 648 quae
459 565 528 646 plus
552 584 643 647 quam
672 574 882 631 trecentarum
906 570 1122 650 amphorarum
1141 573 1242 656 esset,

207 657 348 722 baberet.
384 654 416 718 Id
435 656 508 718 satis
531 655 667 718 habitum
691 656 872 721 adfractus
895 675 936 720 en
955 660 1039 742 agris
1057 661 1243 726 vectandos:

205 754 353 828 quaestus
376 745 474 806 omnis
497 744 636 807 Patribus
668 745 834 808 indecorus
856 747 950 810 visus.
996 748 1058 811 Res
1082 767 1140 829 per
1162 767 1245 813 sum·

205 854 286 899 mam
304 835 534 898 contentionem
558 839 626 896 acta
644 833 790 898 invidiam
814 834 894 916 apud
911 835 1103 900 nobilitatem
1122 841 1244 903 suasori

204 924 284 1007 legis
315 923 477 1003 Flaminio,
508 924 645 985 l'avorem
676 922 757 1004 apud
790 923 913 1004 plebem
944 926 1138 1008 alterumque
1169 929 1242 992 inde

205 1012 400 1101 consulatum
420 1011 550 1092 peperit.
589 1011 634 1074 Ob
657 1013 736 1074 haec
760 1019 845 1075 ratus
870 1015 1013 1095 auspiciis
1038 1016 1244 1080 ementiendis

206 1151 393 1278 aijlt‘rIwI
408 1150 607 1277 airizanebmen.
643 1149 731 1205 lieber
749 1151 792 1205 die
810 1150 967 1223 Bedentunp
983 1151 1038 1222 rgl.
1057 1168 1090 1208 ιιι
1107 1153 1188 1222 XXII,
1199 1154 1242 1224 25,

206 1225 268 1281 eu.
437 1260 444 1276 .

277 1261 376 1348 cuiiIe‘
392 1261 532 1347 ’senator
547 1312 573 1364 p.
592 1293 740 1361 suisset)
776 1293 843 1362 [Die
861 1296 974 1367 meisten
992 1295 1136 1350 llandschr.
1156 1297 1242 1365 geben

204 1366 369 1436 unpassend:
392 1369 466 1434 pruine
489 1368 616 1418 senatuis
635 1375 712 1435 pater
737 1367 846 1432 suasum
872 1366 1006 1420 wessbalb
1025 1367 1106 1421 sehon
1124 1368 1244 1423 licellius

204 1438 379 1504 vermutbete,
396 1437 456 1490 dass
474 1437 523 1489 der
541 1437 605 1489 'lert
622 1438 649 1488 in
668 1436 716 1488 der
735 1436 803 1489 oben
832 1438 989 1507 gegebeneu
1006 1438 1096 1493 Weise
1115 1440 1244 1509 geurien

204 1509 314 1563 werden
334 1517 429 1561 musae.
465 1507 544 1561 Dicae
563 1506 709 1574 llonjehtur
727 1509 796 1561 wird
813 1508 943 1562 nunmebr
962 1509 1044 1562 durch
1063 1511 1105 1563 die
1130 1526 1245 1579 genuus*

204 1595 252 1633 ren
269 1580 398 1648 Angaben
417 1578 483 1630 uber
501 1579 553 1630 den
572 1576 636 1631 Cod.
655 1580 721 1646 Put,
740 1579 845 1633 welche
863 1598 923 1633 mon
937 1580 1087 1633 Alschefski
1105 1583 1245 1652 verdanht,

206 1652 388 1705 vollkommcn
415 1650 549 1718 bestitigt.
594 1650 625 1702 ln
653 1650 740 1703 dieser
764 1651 931 1705 Ilandschrilt
957 1653 1033 1704 stand
1060 1652 1174 1705 nimlicb
1202 1669 1244 1707 ur·

205 1721 372 1791 sprunglicb:
399 1726 472 1791 quiue
489 1730 590 1774 senator
604 1730 680 1790 pater
696 1725 796 1790 fuisset,
815 1723 903 1776 indem
922 1723 1004 1776 durch
1022 1725 1065 1776 ein
1085 1724 1151 1776 auch
1170 1733 1246 1779 sonat

206 1795 245 1847 olt
261 1792 482 1846 vorhommendes
492 1791 627 1844 Verseben
644 1796 717 1861 paine
734 1802 795 1845 statt
812 1799 885 1847 cuiue
903 1794 1076 1864 gesobrieben
1086 1811 1152 1848 war.
1177 1797 1245 1849 Eine

208 1867 305 1919 eweite
322 1865 399 1917 Haud
417 1863 480 1915 uber
497 1863 588 1915 sucbte
612 1863 663 1915 den
682 1863 778 1916 Fobler
802 1880 835 1917 an
860 1867 935 1918 einer
959 1867 1059 1919 andern
1085 1867 1167 1921 Stelle
1192 1868 1244 1920 uod

209 1945 336 1990 aetutezu
352 1933 532 1988 senatornocb
550 1935 594 1986 die
606 1934 686 2001 Splbe
705 1938 728 1986 is
746 1935 837 2004 hinnu,
857 1937 911 1988 und
929 1938 1002 1991 dicae
1019 1938 1110 1991 besart
1123 1941 1158 1991 ist
1175 1939 1246 1991 deun

205 2009 234 2061 iu
252 2006 304 2059 alle
324 2005 406 2059 Codd.
425 2005 652 2074 ubergegangen.l
690 2006 743 2058 Zur
762 2007 845 2060 Sacbe
863 2008 918 2076 vgl.
943 2009 986 2060 die
1004 2008 1174 2078 Bemerlrunp
1191 2010 1244 2061 Du·

206 2078 292 2132 ller’s:
317 2079 390 2144 Quod
405 2077 461 2132 Lis.
480 2095 558 2131 naues
575 2080 720 2130 maritimas
737 2087 859 2132 memorat
876 2089 901 2131 et
915 2080 1023 2134 Claudio
1040 2076 1169 2149 quaestum
1186 2098 1243 2133 am·

206 2168 263 2203 mm
279 2149 401 2203 Patribus
422 2150 568 2202 indecorum
590 2152 674 2202 uisum
699 2149 775 2214 ds’cit,
805 2168 833 2203 eo
858 2153 1003 2220 significari
1024 2153 1141 2215 uidetur,
1168 2168 1245 2221 quum

206 2221 317 2273 Rauwni
328 2230 387 2290 post
405 2220 495 2273 beilum
512 2220 636 2272 Panicum
659 2223 774 2289 primumn
795 2231 896 2290 partem
915 2224 1019 2276 St'ciiiae
1050 2224 1203 2276 Sardiniam
1219 2232 1244 2275 et

207 2293 338 2346 Corsicam
359 2301 484 2355 tenerent,
509 2300 638 2344 senatores
662 2293 713 2344 sibi
732 2297 761 2345 in
786 2295 827 2346 lois
847 2294 956 2362 proeds'a
979 2311 1127 2363 comparare
1152 2302 1176 2346 et
1196 2312 1245 2363 per

207 2366 316 2433 speciem
333 2363 546 2432 deportandorum
563 2380 596 2415 ec
613 2366 647 2415 iis
668 2365 807 2430 ‘fructicum
824 2369 1003 2434 nepotiotiones
1026 2367 1179 2435 antplismmo
1198 2382 1245 2417 or-

206 2436 267 2488 dine
283 2436 403 2504 indipaas
420 2451 541 2487 exercerc
558 2438 673 2503 coepisse.

278 2505 531 2574 amphorarum)
566 2505 625 2557 Wie
648 2507 684 2556 im
701 2505 851 2558 Deutschen
876 2507 923 2560 das
941 2505 1019 2559 Wart
1042 2506 1197 2574 „Tonuen“,
1216 2521 1245 2560 so

207 2577 319 2630 werden
338 2579 373 2628 im
387 2576 568 2628 lateinischen
587 2577 724 2646 caiphaeae
741 2592 789 2628 zur
804 2576 985 2646 Bestimmnog
1003 2578 1050 2630 der
1061 2576 1155 2631 Grbsse
1175 2580 1246 2631 eines

209 2647 317 2702 Schiiies
335 2645 490 2716 gebraucht.
528 2645 588 2713 Vgl.
606 2646 636 2698 Z.
655 2649 679 2710 §.
698 2646 757 2701 876.
797 2645 955 2716 [Uebrigeus
974 2648 1077 2700 scheint
1095 2650 1182 2702 dieses
1199 2646 1248 2701 Ge·⁴

209 2727 264 2772 sete
283 2718 364 2770 soban
382 2733 415 2768 ιιι
434 2716 550 2770 Cicero's
569 2715 628 2768 Zeit
649 2717 721 2769 nicht
745 2717 820 2769 mehr
837 2726 929 2786 strong
948 2719 1116 2787 gebandbabt
1134 2719 1246 2773 worden

208 2804 243 2841 ιιι
261 2792 326 2842 sein.
363 2787 389 2841 S.
409 2786 484 2839 Verr.
503 2786 536 2854 V,
555 2786 597 2854 18,
620 2786 656 2840 45
673 2789 735 2841 Noli
754 2797 878 2851 metuere,
904 2789 1035 2854 Hortensi,
1059 2807 1091 2842 ne
1118 2806 1247 2858 quaeram,

209 2863 254 2929 qui
269 2861 371 2918 libeurit
387 2859 524 2924 aedificare
542 2875 634 2910 navem
651 2861 771 2911 senatori.
813 2857 941 2928 Antiquae
964 2869 1023 2912 sunt
1048 2863 1112 2912 istm
1136 2861 1200 2931 depes
1224 2871 1249 2913 et

208 2938 333 2992 mortuae,
351 2929 559 2998 quemadmodum
576 2929 682 2980 insoles
700 2930 791 2992 dicere,
811 2947 876 2999 puae
893 2930 998 2998 uetant]

281 2999 497 3066 {indecoras}
532 2997 593 3067 vgt.
611 3014 659 3052 zur
677 2999 760 3053 Sache
781 3000 835 3053 Cic.
855 3000 903 3054 Off.
922 3001 950 3068 I,
968 3001 1025 3069 42]

209 3071 1247 3214 a..tta‘tttttttttt'tttt’tldtdt..ttittttdltltlt

211 3215 367 3286 angegeben
386 3213 418 3282 (s.
437 3214 466 3265 Z.
485 3217 508 3277 5.
527 3213 595 3280 3013
623 3213 682 3267 Scb.
701 3230 726 3282 p.
746 3214 821 3282 603),
850 3215 984 3269 wesshalb
1011 3217 1054 3269 die
1078 3217 1244 3284 Praposition

212 3288 251 3340 olt
268 3304 315 3339 zur
333 3285 541 3353 Umscbreibuog
559 3287 632 3338 cinea
650 3284 824 3340 Aduerbiums
843 3288 923 3340 dient.
960 3288 986 3342 S.
1005 3305 1028 3339 ι.
1039 3286 1068 3340 Β.
1088 3288 1109 3355 l,
1128 3288 1161 3341 11
1181 3288 1248 3339 med.

157 3412 161 3425 ,
209 3361 275 3415 aaut
287 3377 336 3429 per
353 3363 421 3410 iram
439 3367 487 3410 cat
503 3357 665 3426 cupiditatem
682 3367 767 3410 actum
789 3369 842 3424 est,·
869 3359 904 3412 ib.
927 3359 963 3413 48
987 3361 1023 3412 in.
1047 3377 1097 3427 per
1122 3360 1250 3411 licentram

159 3855 177 3912 5

212 3433 329 3496 eludere‚·
353 3429 404 3496 III,
422 3428 457 3483 42
474 3431 510 3481 iu.
529 3432 600 3481 uiuet
616 3446 642 3481 se
656 3447 706 3499 per
729 3447 804 3482 suam
821 3440 897 3500 atque
914 3431 1017 3483 illorum
1034 3430 1141 3480 dedecus
1160 3430 1249 3495 patie-

212 3503 322 3566 bantum·
349 3501 429 3568 XXV,
457 3499 492 3554 23
510 3508 574 3551 extr.
595 3517 645 3568 per
661 3501 790 3553 silerttium
814 3520 843 3554 eo
860 3503 977 3564 dedimti5
1003 3497 1121 3564 XXVIII,
1150 3498 1185 3550 28
1212 3499 1248 3548 in.

210 3576 354 3641 interfectis
368 3590 416 3641 per
433 3573 513 3624 scelus
526 3572 687 3639 principibus
691 3589 702 3635 ,¹
719 3572 754 3624 ib.
766 3572 802 3626 42
812 3581 876 3625 extr.
891 3590 940 3641 per
952 3569 1112 3638 superbiam
1130 3566 1249 3633 XXXIII,

211 3643 247 3699 29
264 3647 363 3712 imper
384 3643 519 3708 fraudem3
546 3641 662 3709 XXXIV,
688 3642 722 3696 58
746 3644 814 3694 med.
835 3660 886 3711 per
911 3656 1034 3693 summum
1057 3639 1132 3690 mous
1152 3648 1248 3707 partem

212 3713 330 3780 XXXIX,
343 3713 377 3766 10
394 3716 429 3764 in.
438 3731 488 3781 per
500 3717 582 3765 mcum
599 3722 645 3765 etc.
674 3713 751 3778 [Eine
762 3712 914 3779 Sammluog
929 3709 1034 3762 aolcber
1044 3708 1250 3778 Verbindungen

212 3783 256 3836 bei
276 3783 369 3836 Cicero
388 3782 444 3851 gibt
462 3783 505 3835 Fr.
525 3782 668 3836 Schneider
685 3786 713 3835 in
731 3782 821 3835 Jahn’s
839 3781 870 3834 N.
888 3780 977 3841 Jahrb.
989 3780 1044 3846 XV,
1057 3779 1101 3834 43:
1120 3798 1145 3848 p.
1158 3779 1231 3848 398]

285 3857 450 3922 auspiciis
468 3855 710 3922 ementiendis)
727 3854 877 3916 „tinemut
885 3855 1001 3921 auspicia
1018 3860 1055 3904 est
1071 3853 1143 3917 salsa
1160 3856 1251 3920 auspi-

212 3929 256 3981 cia
278 3930 405 3978 nuntiare.
447 3925 557 3977 Mentiri
579 3926 646 3977 dicit
669 3941 751 3992 supra
775 3923 815 3990 X,
837 3923 890 3990 40,
912 3923 932 3977 4
953 3923 1085 3976 Pullariae
1112 3928 1252 3992 aruspicium

214 4001 320 4051 mentiri
345 3999 447 4048 ausus“.
485 3995 619 4048 Drakenb.
665 3995 722 4047 Item
746 3995 885 4047 Ausdruck
912 3997 1032 4047 eareatiri
1056 3998 1174 4064 auspicia
1207 4009 1252 4062 ge·

213 4067 325 4121 bruucbt
343 4065 409 4119 euch
428 4064 521 4118 Cicero
539 4065 612 4121 nicht
630 4065 723 4132 selteo,
741 4068 795 4119 wie
815 4064 922 4118 Gronov
940 4065 997 4118 bier
1015 4065 1097 4119 durch
1121 4065 1248 4133 folgende

212 4138 470 4280 ἐθὶιιιίἰιιίὶςᾶιιίςι
488 4136 546 4192 hat:
571 4137 631 4194 bis.
649 4136 671 4207 I,
688 4137 732 4206 16,
750 4137 798 4206 293
816 4135 883 4200 Phil.
901 4136 935 4206 ll,
952 4136 996 4206 33,
1015 4137 1068 4208 833
1085 4137 1121 4192 ib.
1139 4137 1183 4205 35,
1201 4135 1251 4201 883

216 4248 250 4278 .·
307 4247 316 4280 ι
