2812 4770
218 324 284 391 202
612 320 863 396 --ul'llnlvll'
908 346 913 379 ’-

164 496 183 560 a
218 510 296 568 esse,
323 512 401 578 quae
428 486 642 557 moereantur?
685 489 730 554 lta
768 489 884 557 territis
917 489 1117 574 Sempronius
1146 497 1258 559 consul

218 580 344 646 advenit
372 578 491 665 ingenti
520 579 661 664 periculo
684 595 744 662 per
766 579 883 644 elluscs
906 584 1020 664 passim
1043 582 1257 665 adpraedam

219 666 291 733 dum
313 667 447 735 hostium
477 672 600 752 equites
630 669 760 733 audacia
793 672 891 754 magis
921 690 1013 753 aluam
1042 673 1172 736 consilio
1204 681 1258 738 aut

218 775 274 840 spe
306 759 433 824 lellendi
463 758 688 841 resistendiue,
717 760 744 822 si
771 777 833 823 nun
865 758 999 841 falleret,
1029 767 1256 845 transgressus.

164 848 183 908 4
217 847 251 911 ld
274 849 356 930 quod
379 867 474 912 unum
496 850 630 912 ruaxirne
654 850 685 910 in
714 850 890 930 praesentia
923 849 1171 937 desiderabatur,
1205 870 1258 916 co-

222 939 316 1001 rnitiis
339 939 555 1002 consularibus
577 937 689 1000 habitis
713 939 745 999 in
770 937 900 1002 hiberna
917 939 1020 1003 rediit.
1058 940 1161 1004 Creatl
1183 959 1258 1006 cun·

217 1026 303 1090 sules
327 1028 380 1091 On.
405 1027 557 1093 Servilius
580 1035 613 1090 et
635 1027 669 1090 Ο.
688 1026 868 1093 Flaminius.

163 1136 182 1193 5
305 1133 451 1198 Ceterum
474 1152 515 1196 ne
537 1133 667 1196 hiberna
691 1132 816 1214 quidem
846 1133 993 1198 Romanis
1025 1135 1131 1216 quieta
1163 1145 1253 1202 crant

216 1222 400 1306 vagantibus
427 1223 541 1304 passim
564 1221 703 1285 Numidis
727 1221 882 1303 equitibus
906 1232 956 1304 et,
981 1242 1040 1304 qua
1063 1225 1101 1287 iis
1124 1225 1252 1306 impedi-

216 1312 296 1374 tiore
320 1319 419 1394 erant,
444 1311 607 1375 Celtiberis
630 1311 857 1393 Lusitanisque.
904 1312 1019 1376 Omnes
1051 1314 1257 1396 igitur-undi-

217 1418 279 1484 que
303 1400 401 1466 clausi
430 1409 623 1466 commeatus
646 1408 751 1483 erant,
774 1403 835 1465 nisi
858 1418 937 1483 quus
959 1400 1042 1466 Pado
1065 1419 1160 1467 naves
1174 1401 1255 1467 sule

163 1649 181 1705 3
286 1650 345 1704 lfa
363 1650 521 1719 territis)
557 1649 583 1704 S.
602 1666 636 1702 zu
653 1646 736 1719 XXII,
753 1647 798 1715 31,
816 1648 841 1704 6.

287 1740 453 1809 fallendi)
488 1740 515 1793 S.
535 1756 568 1792 zu
584 1736 615 1793 II.
633 1738 677 1805 48,
695 1736 723 1793 5.

162 1826 182 1882 4
285 1829 325 1883 Id
350 1830 431 1899 quod
455 1856 487 1867 -—
512 1827 794 1896 desiderabatur)
829 1826 912 1881 Dalttr
938 1827 1033 1898 schlug
1057 1825 1166 1884 Gronov
1189 1844 1254 1886 ver:

214 1896 434 2025 {trangressum
452 1910 485 1964 et,
503 1902 568 1970 quud
584 1908 718 1954 unumetc.
746 1897 820 1951 Doclr
837 1900 873 1951 ist
882 1899 951 1952 dieas
970 1901 1106 1972 unutttlrig.
1138 1902 1171 1956 Id
1188 1904 1254 1972 qued

234 1971 321 2027 euicht
344 1972 402 2026 sich
425 1972 472 2025 auf
494 1975 601 2026 camdus
623 1971 800 2025 censideridua
822 1971 922 2025 laeditis.
958 1971 994 2025 Es
1013 1973 1082 2026 steht
1101 1972 1181 2026 ultera
1200 1976 1254 2027 wie

214 2042 346 2099 hier-‚vor
368 2045 428 2097 dem
446 2044 534 2107 satae,
561 2043 609 2097 aul
630 2043 682 2096 deu
707 2057 736 2095 es
762 2059 796 2094 zu
819 2042 948 2096 beuiehen
972 2045 1014 2095 ist.
1051 2043 1111 2113 Vgl.
1132 2044 1164 2112 ll,
1182 2045 1200 2100 3
1217 2048 1254 2099 iu.

215 2116 339 2178 Genuum,
358 2117 386 2167 id
402 2117 468 2184 quod
484 2134 535 2167 nun
553 2115 683 2181 timebunt,
704 2115 854 2183 pendulum
871 2132 903 2167 ac
924 2116 1096 2184 proditionem
1119 2134 1199 2186 prope
1217 2118 1253 2169 t·-

216 2187 299 2239 dertus
322 2191 416 2239 amissa
440 2196 491 2250 est;
518 2185 611 2255 v11,2
630 2186 698 2240 med.
727 2186 756 2236 id
778 2187 844 2255 qued
861 2203 944 2238 umnec
970 2195 1022 2239 lum
1041 2197 1124 2252 erunt,
1148 2206 1255 2240 suerum

213 2261 357 2310 carminum
375 2267 462 2321 actum·
475 2255 571 2327 XXII,
589 2256 616 2324 4,
634 2256 651 2311 5
669 2258 720 2319 ubi,
739 2257 767 2308 id
783 2258 848 2324 qued
862 2262 980 2324 petierat,
1007 2258 1122 2311 clausum
1140 2259 1198 2311 luten
1223 2278 1254 2312 ac

176 2340 179 2345 “
213 2329 338 2383 mentibus
356 2357 389 2366 -
408 2330 496 2382 lubuit
513 2331 621 2393 hostem5
639 2326 745 2396 XXVII,
762 2327 797 2383 33
811 2328 880 2380 med.
899 2330 932 2381 Id
948 2330 1012 2398 quud
1029 2331 1098 2382 nullo
1116 2338 1174 2382 unte
1192 2332 1254 2383 dello

213 2400 350 2465 accideret,
369 2400 669 2454 decedentes-vetut
687 2401 777 2467 erdem
802 2417 880 2468 remp.
899 2401 1071 2469 reliqueram
1089 2398 1164 2454 Caes.
1182 2400 1207 2455 b.
1227 2417 1253 2470 g.

215 2466 275 2538 vil,
294 2472 328 2526 66
346 2474 377 2535 si,
396 2473 425 2524 id
441 2473 506 2542 quod
522 2475 604 2541 magis
621 2472 741 2538 futurum
749 2472 864 2538 confidet,
883 2473 979 2524 relictis
993 2474 1176 2544 impedimentis
1193 2490 1255 2525 sune

213 2540 295 2599 saliatu·
309 2543 447 2596 consulunt.
481 2543 507 2597 S.
527 2543 555 2594 Z.
575 2546 597 2607 ξ.
618 2541 678 2597 371.

286 2630 313 2683 O.
336 2631 545 2693 Flaminius)
582 2629 609 2682 G.
629 2630 773 2681 Flaminius
799 2646 858 2682 war
883 2630 965 2683 sehon
988 2633 1024 2683 im
1048 2631 1071 2684 J.
1092 2633 1180 2686 Rcm's
1200 2631 1252 2688 531

213 2701 313 2754 llousul
338 2716 473 2770 geweseu.
511 2701 570 2768 Vgl.
596 2710 677 2753 unteu
696 2701 725 2752 ll.
744 2701 786 2755 63.
823 2701 910 2753 Daher
936 2702 1021 2753 huben
1049 2703 1171 2755 mehrere
1190 2705 1254 2756 Her-

214 2772 344 2839 ausgeher
366 2771 591 2840 vorgesclrlagen‚
609 2776 703 2824 iterum
726 2772 895 2839 beizuldgen.
931 2773 1007 2823 Denn
1026 2773 1080 2824 Liv.
1101 2774 1164 2824 lasst
1192 2791 1254 2826 vom

212 2845 316 2894 vierten
339 2842 412 2894 Buch
434 2845 520 2893 seiuer
541 2841 693 2895 Geschichte
719 2859 751 2894 an
780 2842 852 2894 diese
877 2857 1010 2910 genauere
1029 2843 1140 2912 Angabe
1168 2845 1253 2897 selten

171 2910 173 2914 ⁴
211 2928 284 2981 weg,
302 2914 355 2964 und
374 2916 468 2963 iterum
492 2913 601 2979 nonme,
624 2915 677 2964 wie
696 2912 845 2980 Heusinger
871 2913 1002 2982 hemerkt,
1027 2913 1108 2965 durch
1133 2914 1178 2966 das
1205 2916 1254 2967 lol-

212 2984 300 3051 gende
324 2993 434 3035 ceterum
460 2982 539 3035 leicht
561 2983 707 3052 verdrdngt
731 2985 850 3036 werden.
890 2984 965 3035 Doch
991 2985 1060 3037 wird
1086 2986 1152 3038 auch
1171 2987 1253 3054 XXll,

213 3053 256 3120 16,
276 3053 309 3108 16
329 3055 371 3106 dle
390 3053 466 3106 Wahl
487 3054 532 3107 des
552 3055 664 3106 Ilensuls
684 3054 716 3107 lt.
726 3054 820 3107 Atilius
840 3056 966 3124 Regulus,
986 3057 1033 3109 der
1052 3057 1134 3109 sehon
1153 3059 1251 3111 vorher

212 3129 260 3178 mtt
277 3126 304 3179 l’.
323 3125 445 3179 Valerius
464 3125 574 3178 Flaccus
592 3126 692 3179 lionsul
711 3141 838 3195 geweaeu
857 3143 922 3195 wau,
951 3127 1020 3182 ohne
1044 3129 1135 3182 solche
1153 3131 1253 3184 uthere

212 3197 393 3268 Bestimmung
411 3197 541 3251 erwtlrut.

160 3323 177 3379 5
284 3334 329 3391 et,
348 3305 408 3395 qun
420 3298 459 3364 '-
474 3304 588 3393 imped.
606 3322 645 3393 e.)
680 3324 735 3379 Der
748 3325 804 3380 Put.
823 3327 876 3380 und
893 3328 965 3382 uwel
983 3345 1037 3382 von
1056 3329 1107 3382 deu
1125 3329 1251 3383 besseren

708 3415 720 3443 θ

213 3446 295 3501 Codd.
314 3457 474 3518 utcumque,
494 3447 542 3500 der
560 3448 640 3501 dritte
659 3459 683 3502 et
701 3468 716 3521 q
734 3468 806 3521 quae,
831 3452 931 3505 andere
950 3468 1064 3523 equeque.
1102 3452 1168 3515 Qua,
1187 3451 1252 3504 wel-

213 3518 274 3573 ches
293 3531 381 3572 zuerst
401 3521 508 3574 Gronov
526 3519 679 3590 vorschlug,
706 3523 788 3574 findet
806 3523 862 3577 siclr
885 3526 912 3575 in
935 3526 1005 3579 uwei
1028 3520 1251 3591 unbedeutcnden

212 3588 422 3643 llandschrilten.
459 3591 497 3642 Du
517 3591 580 3643 aber
599 3592 671 3645 nicht
689 3592 838 3646 abzusehen
857 3596 898 3660 ist,
918 3592 1084 3653 wiednraus
1108 3590 1172 3657 jene
1192 3591 1252 3643 Les-

213 3669 286 3711 arten
307 3661 444 3713 eutsteheu
464 3663 592 3730 lrcnnten,
620 3680 650 3715 sc
669 3667 703 3717 ist
722 3663 858 3716 vielleicht
877 3681 908 3715 uu
928 3663 1017 3714 lesen:
1045 3671 1069 3714 et
1086 3670 1115 3713 ut
1132 3680 1250 3731 quaeque.

215 3730 245 3782 Ut
262 3730 363 3787 konntu
382 3732 462 3784 leicht
480 3734 547 3785 uach
567 3743 590 3784 et
609 3733 757 3787 ubersehen
775 3734 893 3800 werden,
919 3736 946 3785 in
961 3731 1095 3784 'ivelchem
1114 3733 1189 3785 Falle
1209 3735 1251 3786 die

197 3800 309 3867 'nesam
336 3802 439 3855 welche
468 3802 510 3855 die
528 3803 620 3857 besten
640 3805 721 3858 codd.
747 3804 841 3870 haben,
870 3813 895 3856 et
911 3820 1020 3873 quaeque
1040 3805 1171 3856 entstand.
1209 3807 1249 3858 Ζιι

209 3875 360 3941 utquisque
383 3875 431 3939 „je
454 3874 583 3928 uachdeur
607 3874 698 3931 einer“
728 3875 793 3927 oder
811 3888 909 3942 „wenn
928 3875 1021 3927 einer“
1044 3876 1100 3944 ugl.
1126 3876 1194 3928 chen
1220 3877 1249 3930 ll.

210 3940 295 4009 28‚5;
314 3943 347 4010 11,
366 3943 401 3997 38
410 3946 445 3996 in.
463 3951 609 4016 utquisque
622 3951 729 4009 ueniret,
745 3949 871 4014 primores
882 3941 1121 4017 commercium
1132 3948 1250 4018 XXXIV,

211 4012 246 4069 38
265 4023 329 4073 extr.
349 4023 377 4066 ut
395 4019 497 4084 quisque
516 4022 625 4070 maxime
643 4018 868 4080 laboraremus,
887 4026 932 4071 aut
949 4022 1002 4089 ipse
1019 4022 1170 4073 occurrebat
1187 4031 1250 4084 ete.,·
1303 4032 1306 4036 '

212 4084 293 4151 XXII,
311 4085 338 4152 ⁷,
357 4085 405 4151 123
429 4086 464 4138 ib.
483 4087 527 4154 51,
545 4089 578 4156 63
607 4083 685 4155 XXV,
704 4088 722 4143 8
740 4091 790 4156 in.;
813 4089 849 4141 ib.
868 4089 903 4143 22
921 4100 982 4157 post
1000 4093 1050 4158 in.;
1076 4090 1111 4145 ib.
1131 4092 1167 4149 39
1191 4101 1252 4162 pust

210 4157 247 4208 iu.
272 4166 321 4209 etc.
368 4157 520 4224 [Einlacher
546 4161 649 4214 scheint
672 4160 883 4214 Drakenborclr’s
913 4161 1062 4233 Vorschlag
1088 4172 1166 4234 sitque·
1186 4178 1251 4234 quae

175 4238 179 4245 ·
213 4227 460 4301 educatumque]
499 4229 551 4282 Zur
570 4231 655 4286 Sache
672 4234 728 4303 agl.
743 4230 825 4300 XXII,
844 4232 888 4301 18,
906 4233 932 4288 3.
1046 4233 1048 4239 ’
1127 4260 1130 4267 ’
1174 4264 1183 4293 .·
