2812 4770
225 523 337 657 Tttt
372 522 520 643 LIVH
557 522 633 640 ΑΒ
665 518 819 700 URBE
854 515 1102 638 CONDITA

516 731 663 816 etoile
694 731 814 814 xxii.

465 928 860 965 WWWWWWWWW

550 1103 788 1170 EPlTOME.

219 1226 349 1279 Hannibal
366 1244 414 1296 per
430 1224 563 1279 continuas
580 1228 683 1295 cipilias
709 1229 737 1278 in
757 1226 892 1295 paludibus
915 1225 985 1278 oculo
1002 1226 1093 1279 amisso
1115 1223 1186 1277 senil

149 1302 179 1352 in
196 1299 351 1362 Etruriam·
365 1317 415 1367 per
432 1315 496 1367 quas
510 1299 617 1366 paludes
635 1298 774 1367 quatriduo
792 1294 816 1348 el
834 1297 919 1349 tribus
931 1297 1046 1349 noctibus
1057 1300 1112 1348 sine
1129 1295 1185 1347 ulla

149 1373 236 1440 requie
253 1373 304 1421 iter
320 1371 391 1436 fecit.
429 1370 455 1421 C.
476 1369 621 1421 Flaminius
639 1368 734 1431 consul,
752 1370 822 1421 lsomo
840 1373 1002 1431 temerarius,
1021 1375 1115 1420 cantra
1131 1382 1186 1418 au·

150 1444 235 1510 spicia
249 1441 397 1508 profectus,
420 1443 499 1509 siqnis
517 1440 674 1492 militaribus
691 1441 798 1508 effossis,
823 1456 889 1507 qnae
913 1440 968 1492 tolli
983 1456 1035 1491 non
1055 1444 1186 1508 poterant,
1224 1500 1227 1505 Ι

150 1520 175 1563 et
192 1511 225 1562 ab
243 1528 318 1579 equo,
336 1528 409 1579 quem
426 1513 616 1574 conscenderat,
628 1529 676 1579 per
691 1519 770 1578 caput
784 1511 925 1573 devolutus,
942 1511 1044 1562 insidiis
1061 1509 1094 1561 ab
1106 1508 1185 1560 Han-

151 1583 236 1635 nibale
253 1586 444 1634 circumuentus
461 1583 496 1633 ad
509 1583 711 1634 Trasumennum
727 1582 813 1633 laeum
830 1599 888 1634 cnm
899 1585 1018 1634 caercitu
1033 1597 1123 1633 caesus
1141 1586 1185 1632 est.

152 1655 205 1707 Sea·
222 1653 303 1715 milia,
321 1670 386 1721 qnae
404 1662 557 1720 eruperant,
581 1655 629 1718 fide
653 1670 670 1705 a
688 1653 842 1704 Maharbale
865 1653 929 1704 data
949 1653 1062 1720 perfidia
1079 1652 1186 1703 Hanni-

152 1725 216 1776 balis
228 1728 318 1776 cincta
334 1732 402 1776 sunt.
440 1725 524 1788 Quum
542 1725 577 1776 ad
593 1727 714 1776 nuntium
732 1724 812 1775 cladis
821 1723 917 1775 Romae
935 1723 1018 1776 luctus
1031 1732 1101 1786 esset,
1120 1722 1187 1774 dnae

151 1803 246 1847 matres
269 1813 301 1846 erc
324 1799 455 1862 insperato
479 1799 588 1863 receptis
609 1797 671 1860 filiis
694 1795 788 1863 qaudio
811 1803 928 1846 mortuae
951 1803 1019 1847 sunt.
1058 1794 1095 1848 Ob
1119 1795 1187 1845 banc

151 1867 248 1919 cladem
264 1884 296 1917 ec
316 1866 449 1934 Sibyllinis
465 1866 539 1918 libris
557 1884 602 1917 cer
619 1882 724 1917 sacrum
740 1873 830 1918 uotum.
869 1866 954 1929 Quum
971 1866 1061 1918 deinde
1079 1865 1109 1931 Q.
1128 1863 1187 1916 Fa-

152 1936 208 1993 bius
225 1937 356 1993 Haaimus
374 1938 486 1991 dictator
509 1938 632 1989 adversus
656 1936 828 1988 Hannibalem
845 1939 936 1990 missus
959 1938 1036 1989 nollet
1054 1940 1111 1989 acie
1129 1952 1188 1988 cum

152 2026 180 2060 eo
193 2008 334 2078 conqlipere,
350 2027 382 2060 ne
396 2017 489 2061 contra
505 2010 617 2074 feracem
635 2016 670 2059 tot
687 2010 803 2060 uictoriis
820 2009 914 2059 bostem
932 2011 1054 2068 territum
1071 2007 1187 2059 adversis

148 2080 255 2149 proeliis
273 2081 378 2132 militem
391 2097 495 2148 paqnae
513 2083 679 2131 committeret
696 2087 721 2130 et
743 2079 886 2147 opponendo
909 2096 936 2130 se
959 2087 1062 2130 tantum
1079 2085 1187 2134 conatus

151 2150 308 2208 Hannibalis
326 2151 467 2218 inpediret,
486 2151 520 2202 M.
540 2151 672 2203 Minucius
690 2154 814 2218 maqister
831 2151 952 2218 equitum,
970 2151 1047 2215 feroc
1065 2157 1090 2200 et
1107 2156 1188 2200 teme-

151 2222 424 2284 rarius,‘criminando
442 2223 591 2273 dictatorem
609 2230 740 2290 tamquam
756 2229 896 2289 sequemet
914 2221 1031 2272 timidum
1049 2221 1141 2289 effecit,
1157 2226 1188 2270 ut

148 2293 241 2362 populi
261 2296 333 2344 iussu
351 2300 507 2360 aequaretur
525 2296 551 2342 ei
566 2310 624 2343 cum
638 2293 764 2344 dictatore
785 2294 936 2360 imperium,
959 2292 1088 2360 divisoque
1108 2307 1188 2356 ecer-

152 2368 208 2416 eitu
225 2380 303 2433 quam
319 2365 407 2430 iniquo
431 2362 483 2413 loco
501 2364 668 2429 conflixisset,
691 2371 717 2414 et
741 2367 772 2415 in
794 2380 886 2432 mapno
910 2363 1057 2415 discrimine
1080 2363 1189 2430 leqioncs

82 2440 84 2445 '
153 2437 208 2486 eius
226 2441 315 2495 essent,
333 2436 524 2500 superueniente
542 2451 601 2485 cnm
618 2437 736 2486 exercitu
753 2433 836 2486 Fabio
853 2435 968 2486 Macimo
986 2434 1135 2485 discrimine
1152 2432 1188 2485 li-

154 2503 259 2555 beratus
278 2511 320 2554 est.
358 2503 413 2569 Quo
431 2503 547 2569 beneficio
566 2507 649 2556 vietus
664 2514 754 2557 castra
771 2523 830 2557 cum
847 2522 874 2556 eo
893 2508 1029 2557 coniunxit
1047 2513 1071 2556 et
1087 2511 1189 2573 patrem

154 2591 211 2626 enm
227 2574 352 2626 salutauit
369 2574 484 2642 idemque
500 2577 589 2640 faeere
606 2576 698 2627 milites
715 2580 797 2629 iussit.
835 2576 970 2628 Hannibal
985 2584 1090 2628 castata
1108 2575 1189 2627 Com-

151 2647 236 2714 ponia
252 2647 321 2697 inter
339 2644 484 2698 Casilinum
500 2646 618 2713 oppidum
636 2655 660 2698 et
679 2647 830 2700 Calliculam
847 2656 954 2698 montem
972 2664 990 2698 α
1008 2647 1090 2698 Fabia
1113 2645 1190 2698 clou-

154 2734 198 2768 sus
215 2720 353 2769 sarmentis
370 2717 406 2785 qa
422 2729 521 2769 cornua
539 2718 612 2770 boum
635 2718 756 2786 adliqatis
774 2728 798 2770 et
821 2721 933 2770 incensis
955 2718 1116 2787 praesidium
1134 2716 1190 2768 tte-

153 2804 304 2851 manorum,
322 2788 387 2856 quad
404 2788 557 2841 Calliculam
572 2788 713 2852 insidebat,
736 2790 881 2858 [aperitet
898 2794 938 2842 sic
955 2799 1131 2859 transqressus
1153 2795 1191 2841 est

153 2859 254 2911 saltum.
301 2859 419 2928 idemque
443 2861 471 2924 (l.
496 2859 577 2911 Fabii
598 2860 712 2912 Maximi
733 2862 881 2926 dictatoris,
909 2877 986 2929 quum
1007 2862 1191 2928 circumposita

153 2939 248 2995 ureret,
267 2947 328 2996 apro
343 2934 465 2998 pepercit,
484 2940 513 2983 ut
529 2932 602 2983 illum
619 2940 748 2999 tamquam
763 2933 917 3001 proditorem
929 2941 1070 3000 suspectum
1085 2934 1189 2997 faceret.

153 2999 260 3053 Aemilio
278 3000 367 3052 dando
385 3001 464 3053 Paula
481 3011 504 3052 et
525 3003 638 3054 Terentio
660 3002 773 3059 Varrone
795 3004 939 3055 consulibus
956 3012 980 3055 et
1003 3003 1111 3055 dacibus
1134 3018 1191 3054 cum

154 3086 246 3140 maqna
263 3071 336 3123 clade
354 3071 478 3124 adversas
496 3072 663 3125 Hannibalem
681 3074 715 3125 ad
724 3075 827 3127 Cannas
842 3083 985 3144 puqnatum
1000 3082 1051 3136 est;
1069 3089 1190 3142 sensaque

154 3159 183 3193 eo
198 3143 295 3213 proelio
312 3141 486 3194 Romanorum
503 3144 673 3211 quodraqinta
690 3147 799 3214 quinque
815 3148 889 3198 milia
911 3163 969 3198 cam
986 3145 1066 3197 Paulo
1089 3142 1191 3195 consule

154 3221 180 3264 et
196 3213 358 3265 senatoribus
375 3216 508 3280 octoqinta,
517 3214 694 3267 consularibus
711 3225 785 3284 atque
799 3220 939 3285 praetoriis
951 3225 976 3268 el
991 3217 1120 3268 aediliciis
1138 3215 1191 3266 tri-

152 3286 233 3353 qinla.
270 3284 329 3336 Post
356 3301 431 3352 quam
454 3284 551 3335 cladem
575 3303 651 3352 quum
678 3304 695 3337 α
716 3287 842 3340 nobilibus
866 3288 1063 3340 adolescentibus
1083 3294 1191 3356 propter

154 3356 353 3424 desperationem
374 3356 506 3407 camiliani
528 3357 559 3408 dc
582 3357 748 3424 relinquenda
774 3358 855 3411 ltalia
870 3362 992 3423 iniretur,
1010 3359 1038 3410 P.
1059 3358 1191 3410 Cornelius

155 3426 241 3496 Ses'pio
259 3428 378 3480 tribunus
395 3426 512 3488 militum,
531 3429 576 3495 qai
592 3424 736 3492 Africanus
755 3437 845 3496 postea
868 3434 1012 3482 nominatus
1035 3439 1079 3493 est,
1103 3431 1191 3481 stricto

153 3515 231 3567 super
248 3501 335 3567 capita
352 3497 546 3550 deliberantium
562 3499 637 3564 ferro
654 3499 759 3560 iuravit,
769 3516 819 3566 pra
835 3501 902 3552 liaste
919 3518 976 3551 erem
993 3519 1019 3552 se
1036 3502 1191 3564 babituram,

155 3572 200 3637 qui
220 3572 250 3621 in
267 3569 347 3622 verba
370 3587 419 3621 sua
437 3587 487 3621 non
510 3572 633 3631 iurasset,
661 3569 803 3637 effecitque,
832 3579 862 3622 ut
888 3587 972 3623 omnes
998 3590 1050 3624 non
1073 3573 1192 3625 relictum

154 3643 193 3692 iri
208 3640 243 3691 ab
257 3658 285 3692 se
302 3640 407 3694 ltaliam
424 3641 593 3693 iureiurando
611 3641 838 3708 adstriaperentur.
874 3641 1016 3695 Praeterea
1038 3644 1192 3712 trepidatio-

155 3727 212 3762 nem
228 3712 300 3763 urbis
319 3721 343 3763 et
361 3713 456 3765 luctam
473 3721 498 3764 et
515 3729 557 3763 res
581 3715 610 3762 in
632 3711 759 3780 Hispania
781 3712 884 3764 meliore
906 3721 998 3764 eventu
1020 3722 1104 3782 postas
1128 3731 1192 3766 oon-

156 3784 227 3832 tinct.
264 3784 366 3850 Opimia
382 3793 407 3835 et
428 3784 552 3836 Floronia
580 3781 688 3834 Vestales
711 3785 825 3851 oirqines
847 3785 939 3835 incesti
960 3784 1098 3836 damnatae
1123 3792 1190 3839 suat.

155 3851 263 3919 Propter
278 3857 433 3921 paucitatem
444 3856 556 3907 militum
567 3871 699 3906 servorum
716 3863 770 3906 octo
786 3855 860 3907 milia
878 3863 979 3907 armata
989 3863 1055 3908 sant.
1081 3855 1193 3925 Captivi,

155 3939 233 3990 quum
248 3931 358 3990 potestas
376 3935 441 3977 esset
458 3926 615 3988 redimendi,
633 3927 756 3994 redempti
777 3942 829 3978 non
852 3934 917 3978 sunt.
959 3926 1075 3981 Varroni
1094 3928 1194 3982 obviam

155 3997 221 4046 itam
237 4002 262 4046 et
277 3997 378 4063 pratiae
397 4005 478 4061 actae,
497 3997 562 4066 qnod
579 3997 609 4049 de
626 3998 759 4067 republica
776 4015 827 4050 non
845 3998 1007 4067 desperasset.

556 4173 641 4191 .‘..:·.::.'⁴
645 4173 733 4191 ‘·····....
736 4173 791 4190 ”

929 4281 998 4342 15*
