2812 4770
207 296 274 365 128
625 291 705 360 'IIII
723 291 814 358 niun
877 296 906 357 ’.

164 478 168 485 ·
206 457 296 523 dicis-
312 456 425 537 clivos,
457 460 493 519 nt
513 455 734 519 noniumenta
756 453 857 517 solum
885 451 942 517 sed
966 451 1122 534 elephanti
1143 453 1238 518 etiam

151 553 171 610 4
205 545 319 611 deduci
347 551 484 628 possent.
537 544 739 618 Quaeriduum
771 544 855 606 circa
886 559 996 624 rupem
1025 551 1240 624 consumptum

204 636 349 700 iumentis
367 652 464 716 prope
483 632 568 697 lame
583 633 767 715 wamiis:
790 631 875 695 noda
890 633 975 695 enim
991 631 1062 695 sere
1079 634 1240 697 cacumina

75 780 79 795 .
152 723 170 779 5
205 733 286 806 sunt,
311 732 344 788 el
364 726 391 787 si
414 723 488 805 quid
510 729 560 785 est
582 721 685 804 pabuli
710 722 845 785 obruunt
866 722 964 784 nives.
1005 719 1157 784 Inferiore
1175 723 1240 785 ual-

205 814 253 877 les
276 820 308 877 et
330 813 453 894 apricos
475 809 625 892 quosdam
644 811 742 875 colles
764 811 882 876 babent
897 810 1044 890 rivosque
1066 828 1165 892 prope
1188 812 1241 874 sil-

153 912 170 966 6
205 919 260 967 vas
283 909 316 965 et
337 901 554 969 iam-humano
572 901 662 963 'cultu
686 899 826 983 digniora
849 900 928 963 loca.
973 898 1017 962 lbi
1049 900 1186 962 iumenta
1208 901 1240 963 in

204 990 348 1074 pabulum
364 991 473 1071 ,missa
498 997 531 1053 et
554 991 642 1070 quies
665 988 832 1053 muniendo
856 988 948 1052 sessis
972 987 1146 1053 bominibus
1170 987 1240 1052 data

205 1078 319 1149 triduo.
364 1077 501 1142 Indead
529 1078 653 1159 planum
678 1078 861 1141 descensum
892 1085 924 1140 et
951 1077 1013 1140 iarn
1040 1076 1120 1141 locis
1141 1077 1241 1141 molli-

206 1167 312 1232 oribus
336 1168 567 1237 otaccolarum
589 1168 732 1250 ingeniis.

152 1262 169 1316 1
261 1308 274 1325 .,
292 1256 453 1321 XXXVIII.
504 1257 570 1321 Hoc
592 1257 725 1321 maxime
748 1254 839 1319 modo
863 1255 895 1318 in
917 1254 1033 1318 ltaliam
1055 1264 1241 1338 perventum

278 1466 523 1538 molliuntque)
557 1466 641 1521 Mollis
659 1467 741 1521 obers
759 1465 925 1534 vonlittben,
943 1467 986 1520 (lie
1005 1466 1061 1519 sich
1080 1465 1241 1536 allmnhlich,

206 1536 275 1590 ohne
293 1539 376 1591 ranbe
394 1538 602 1606 llnebenheiten,
621 1539 722 1592 senken
741 1539 806 1591 oder
824 1537 949 1609 erheben.
974 1538 1000 1591 S.
1019 1537 1090 1591 Curt.
1109 1538 1179 1608 VIII,
1198 1541 1241 1607 11,

208 1608 321 1662 &Petro
337 1628 388 1662 non
413 1619 443 1662 ut
463 1612 600 1680 pleraeque
625 1611 730 1663 ntodicis
748 1627 780 1662 oc
796 1610 909 1663 mollibus
936 1611 1008 1663 elicis
1026 1613 1054 1661 s'n
1071 1611 1176 1663 sublime
1193 1613 1242 1678 [o-

207 1683 308 1748 stiqium
334 1684 440 1745 erescit,·
466 1680 713 1750 virg.Ecl.1x,l
738 1697 789 1750 quo
805 1698 832 1733 se
850 1680 990 1735 subducere
1016 1680 1091 1734 colles
1108 1682 1241 1753 Incipiunt

203 1751 319 1820 mollique
338 1755 425 1821 iuyunt
442 1752 573 1805 demittere
590 1753 669 1815 etun
688 1752 747 1804 Tac.
764 1750 852 1817 Germ.
872 1752 888 1805 1
907 1752 1039 1804 Danubius
1056 1752 1126 1805 anIi
1141 1761 1166 1805 et
1183 1753 1238 1805 cle-

204 1831 302 1874 menter
318 1824 385 1875 edito
402 1853 435 1862 -
455 1827 515 1892 s'uqo
532 1824 643 1892 effusum
661 1821 748 1887 Quint.
767 1822 830 1876 Inst.
851 1838 888 1875 or.
908 1822 965 1890 XII,
984 1822 1026 1889 10,
1044 1822 1079 1877 78
1103 1824 1245 1877 Scandentn'

207 1895 279 1945 drea
295 1897 347 1945 inno
364 1894 434 1946 labor
452 1904 501 1946 est:
528 1903 638 1947 ceterum
664 1903 786 1965 quantum
805 1897 961 1964 processeris
987 1894 1087 1947 mollior
1112 1895 1192 1947 clivus
1210 1912 1242 1948 oc

206 1963 299 2015 Iuctius
316 1963 411 2029 solusn5
430 1963 516 2032 [Caes.
534 1964 560 2017 b.
579 1981 601 2016 c.
620 1964 654 2032 II,
673 1964 779 2019 101nu
797 1965 972 2032 (colomellos)
990 1969 1059 2018 inter
1076 1984 1103 2018 se
1120 1966 1242 2035 capreolis

206 2035 277 2086 nubi
290 2037 393 2105 fostiyub
418 2034 590 2106 consenum]
624 2036 659 2089 So
684 2036 741 2088 bier
767 2037 864 2089 mollire
887 2051 939 2089 von
968 2036 1014 2088 der
1032 2036 1131 2104 Arbeit,
1159 2036 1242 2089 durch

205 2104 309 2158 welche
327 2106 370 2158 dio
389 2106 481 2159 Hohen
499 2109 620 2175 wenlger
638 2107 699 2159 stell
718 2107 840 2176 gemacht
857 2108 979 2174 wardon,
1001 2109 1090 2159 indem
1109 2124 1169 2160 inan
1188 2109 1239 2160 den

207 2174 275 2245 Weg
298 2178 325 2228 in
344 2177 540 2247 llrnmmungen
567 2178 742 2231 hinabibhrte.
780 2177 809 2245 In
828 2178 958 2247 gleicbcm
977 2178 1057 2232 Sinne
1076 2176 1151 2232 Caes.
1170 2178 1194 2231 b.
1215 2195 1240 2248 g.

206 2245 264 2314 vll,
281 2247 316 2302 46
334 2250 599 2320 quinquennalibus
617 2250 652 2302 ud
667 2250 827 2302 bullientium
844 2250 938 2304 cliuum
955 2259 1105 2313 accesserat,
1132 2250 1162 2302 ot
1177 2267 1241 2318 spo-

207 2321 271 2371 tium
288 2322 389 2373 itineris
407 2321 520 2390 ouqebat.
541 2319 646 2373 Gotbe's
665 2319 755 2388 Faust,
780 2320 825 2372 Th.
844 2321 869 2374 2.
888 2321 918 2372 Α.
937 2320 963 2374 4.
983 2320 1024 2373 Se.
1043 2320 1076 2374 2:
1104 2321 1171 2387 „Die
1190 2320 1241 2372 Ilb-

206 2389 250 2457 gel
270 2391 471 2514 (Ihnn‘Pequem
489 2391 696 2461 binabgeblldet,
730 2392 778 2446 llis
795 2392 906 2445 sonitem
926 2391 983 2459 Zug
1006 2393 1045 2445 sie
1063 2393 1091 2443 in
1109 2392 1157 2445 das
1177 2391 1240 2446 Thal

171 2470 175 2476 ·
208 2462 278 2528 gerni
309 2464 342 2514 et.

153 2528 172 2585 4
277 2537 437 2588 iumentis
456 2563 488 2571 —
508 2534 710 2603 absumptis)
746 2533 772 2588 S.
793 2534 861 2587 oben
880 2551 913 2586 zu
932 2533 961 2585 II.
980 2532 1006 2600 b,
1024 2537 1049 2587 4.
1135 2532 1140 2549 '

276 2605 382 2670 nudo)
420 2605 446 2657 d.
463 2606 481 2656 i.
500 2604 573 2657 nicht
594 2604 762 2672 bewachscn,
788 2605 860 2657 habi.
888 2605 915 2659 S.
933 2604 1016 2670 XXII,
1034 2604 1078 2672 28,
1098 2606 1114 2659 6
1132 2606 1198 2675 quod
1213 2608 1243 2658 iu

206 2673 277 2726 nude
293 2675 360 2727 calle
381 2676 453 2728 nullas
475 2676 534 2727 talis
557 2677 635 2741 fraus
658 2679 744 2728 timeri
756 2684 872 2745 poteent5
899 2674 979 2742 XXV,
998 2676 1032 2730 36
1051 2678 1163 2730 inerat
1180 2676 1242 2731 orico

171 2750 173 2755 '
204 2743 290 2795 nudus
309 2745 420 2797 tumulus
437 2754 461 2798 et
479 2750 566 2815 asperi
581 2747 636 2810 soli,
654 2755 683 2798 ut
701 2749 798 2799 necoir
815 2746 870 2799 ulto
887 2748 1087 2799 collocuedendo
1104 2766 1151 2800 nec
1168 2757 1241 2801 terro

205 2818 295 2883 cespiti
308 2816 425 2882 faciendo
445 2844 473 2853 -
497 2818 609 2869 inveniri
622 2826 704 2885 posset
710 2835 720 2881 ‚·
745 2765 892 2884 1013135
910 2817 978 2870 med.
997 2819 1036 2870 nil
1051 2820 1145 2888 reliqui
1157 2835 1238 2888 prete-

207 2892 246 2936 ter
263 2892 363 2938 terrum
379 2886 473 2938 neudum
489 2904 521 2938 oc
539 2896 638 2940 aestum
663 2889 770 2950 bobere5
797 2887 902 2954 XXVII,
920 2889 955 2942 41
974 2890 1009 2940 in.
1028 2891 1102 2942 eolles
1118 2893 1237 2942 immine-

206 2955 267 3007 bunt
283 2957 347 3008 nudi
356 2984 388 2994 -
399 2958 496 3009 neutris
513 2962 628 3025 suspecti,
643 2960 708 3027 quod
722 2959 789 3012 nibil
803 2960 884 3013 siloae
900 2977 978 3028 neque
996 2961 1031 3012 od
1047 2962 1154 3015 insidiiis
1171 2960 1237 3013 late-

209 3025 315 3080 brarum
331 3029 471 3092 bebebent;
490 3027 607 3096 XXVIII,
627 3029 660 3083 16
678 3030 746 3081 med.

155 3095 173 3151 b
280 3098 479 3170 Inferiore)
515 3098 541 3155 S.
560 3115 593 3151 zu
611 3099 640 3153 ll.
660 3099 704 3168 25,
723 3101 747 3154 9.

266 3168 327 3247 Ι[οι
343 3171 496 3294 egnicus)
530 3170 566 3225 Et
583 3171 649 3225 fehlt
665 3173 693 3224 ia
712 3173 815 3226 zweien
835 3173 881 3227 der
900 3172 1001 3229 liltoren
1021 3174 1117 3244 coln,
1137 3175 1190 3229 und
1208 3173 1242 3226 (la

206 3242 234 3292 in
253 3242 339 3294 eincm
376 3240 498 3295 erselben
516 3242 584 3294 nacb
601 3246 701 3313 opra‘cos
719 3244 775 3296 sich
792 3245 951 3300 cineLbclrc
969 3248 1058 3316 findet,
1076 3263 1107 3303 so
1125 3247 1160 3299 ist
1178 3243 1242 3298 viel·

207 3311 288 3365 leicbt
305 3312 431 3385 ricbtigor
448 3316 495 3367 mit
512 3313 700 3369 Weissenborn
718 3319 864 3389 apricosque
881 3334 916 3371 nu
935 3319 1030 3388 lesen]

157 3382 174 3436 6
281 3382 476 3455 muniendo)
512 3384 538 3440 S.
557 3403 590 3439 au
609 3389 632 3452 ξ.
650 3387 697 3443 2.’

224 3460 227 3465 '
277 3452 488 3527 odelonem)
523 3456 584 3527 vgl.
604 3476 637 3513 nu
655 3459 685 3513 Κ.
704 3460 748 3528 33,
767 3459 791 3516 7.
1235 3490 1244 3513 a

277 3536 307 3580 et
324 3532 389 3588 ium
406 3527 421 3581 1.
440 3529 539 3600 nott)
574 3528 613 3583 Da
631 3534 716 3595 enom,
734 3549 792 3586 was
811 3533 854 3585 dic
873 3529 954 3583 Godd.
973 3527 1027 3579 und
1045 3524 1156 3577 meisten
1175 3523 1240 3577 Aus-

206 3597 292 3667 gaben
311 3597 405 3666 haben,
424 3598 522 3653 konnen
541 3603 689 3669 passenden
708 3603 772 3656 Sino
791 3602 871 3671 giebs,
893 3614 925 3651 so
943 3597 1037 3664 soblug
1056 3593 1164 3648 Gronov
1181 3612 1240 3662 vor,

206 3678 231 3720 et
247 3673 299 3722 ium
316 3687 348 3722 zu
366 3670 451 3740 lesen,
469 3688 526 3725 was
545 3688 574 3725 er
593 3672 659 3725 auch
677 3677 701 3736 §-
720 3671 737 3726 5
755 3688 802 3724 aus
820 3674 898 3722 etiem
916 3667 1072 3735 hengestellt
1089 3666 1141 3719 hat.
1180 3667 1241 3721 Cre·

207 3742 265 3792 vier
283 3743 421 3811 nerlangio
440 3746 493 3796 tom
510 3752 542 3808 et,
561 3744 588 3795 ln
607 3742 736 3796 welcbem
747 3741 827 3794 Sinne
845 3737 918 3792 wohl
938 3737 1004 3791 auch
1021 3747 1046 3790 et
1063 3741 1115 3790 ιὀοι
1132 3754 1241 3808 genom-

208 3828 268 3864 men
286 3814 396 3866 werden
415 3812 557 3880 bannum
575 3828 605 3865 so
629 3811 703 3864 mehr
725 3810 764 3863 als
786 3814 838 3862 ιὀοο
862 3808 943 3861 dunch
966 3809 1009 3862 die
1028 3809 1149 3878 Stellung
1173 3810 1241 3864 nach

205 3893 230 3936 et
247 3883 329 3937 nahor
348 3901 381 3937 zu
398 3884 560 3945 anubibus,
579 3898 657 3934 wozu
677 3896 706 3933 es
724 3880 826 3949 gebort,
846 3879 972 3948 gebracht
990 3881 1066 3934 wlrd.
1095 3881 1155 3951 Vgl.
1171 3883 1240 3936 oben

206 3972 239 4007 zu
258 3955 287 4006 Il.
307 3955 351 4022 15,
367 3953 386 4008 4
405 3952 457 4004 und
474 3968 508 4005 au
526 3950 606 4017 XXII,
624 3950 667 4018 35,
687 3951 717 4020 73
736 3951 771 4003 ib.
790 3951 835 4017 39,
854 3951 888 4006 13
912 3953 998 4022 Neque
1015 3954 1056 4007 illi
1071 3963 1144 4008 terro
1161 3970 1240 4026 nequo

207 4029 277 4079 'W‘
292 4035 331 4077 ⁰⁸⁶
345 4042 409 4094 ’Μ’
625 4090 766 4147 xxnvnn.

156 4187 173 4243 1
280 4182 499 4237 Hocsnueisne
520 4182 631 4254 nodo)
665 4182 1241 4259 vg1.v11,30in.b09nu-nactnou
